author="Croman, Kyle
and Decker, Christian
and Eyal, Ittay
and Gencer, Adem Efe
and Juels, Ari
and Kosba, Ahmed
and Miller, Andrew
and Saxena, Prateek
and Shi, Elaine
and G{\"u}n Sirer, Emin
and Song, Dawn
and Wattenhofer, Roger",
editor="Clark, Jeremy
and Meiklejohn, Sarah
and Ryan, Peter Y.A.
and Wallach, Dan
and Brenner, Michael
and Rohloff, Kurt",
title="On Scaling Decentralized Blockchains",
booktitle="Financial Cryptography and Data Security",
year="2016",
publisher="Springer Berlin Heidelberg",
address="Berlin, Heidelberg",
pages="106-125",
}


@inproceedings{datar:butterflies,
 author = {Datar, Mayur},
 title = {{Butterflies and Peer-to-Peer Networks}},
 booktitle = {Proceedings of the $10^{th}$ European Symposium on Algorithms (ESA)},
 year = {2002},
 pages = {310-322},
 }


@misc{diksha-code,
   note = {Source code is available at \url{www.maxwellyoung.net/publications.htm}}
}

@article{GOLDREICH199045,
author={Oded Goldreich and Erez Petrank},
title = "The Best of Both Worlds: Guaranteeing Termination in Fast Randomized Byzantine Agreement Protocols",
journal = "Information Processing Letters",
volume = "36",
number = "1",
pages = "45 - 49",
year = "1990",
}

@article{Katz:2009:ECP:1486275.1486420,
 author = {Katz, Jonathan and Koo, Chiu-Yuen},
 title = {On Expected Constant-round Protocols for Byzantine Agreement},
 journal = {J. Comput. Syst. Sci.},
 issue_date = {February, 2009},
 volume = {75},
 number = {2},
 month = feb,
 year = {2009},
 issn = {0022-0000},
 pages = {91-112},
 }

@inproceedings{Kapron:2008:FAB:1347082.1347196,
 author = {Kapron, Bruce and Kempe, David and King, Valerie and Saia, Jared and Sanwalani, Vishal},
 title = {Fast Asynchronous Byzantine Agreement and Leader Election with Full Information},
 booktitle = {Proceedings of the Nineteenth Annual ACM-SIAM Symposium on Discrete Algorithms},
 series = {SODA '08},
 year = {2008},
 location = {San Francisco, California},
 pages = {1038--1047},
 numpages = {10},
 url = {http://dl.acm.org/citation.cfm?id=1347082.1347196},
 acmid = {1347196},
 } 

@INPROCEEDINGS{hasan:survey, 
author={R. Hasan and Z. Anwar and W. Yurcik and L. Brumbaugh and R. Campbell}, 
booktitle={International Conference on Information Technology: Coding and Computing (ITCC'05) - Volume II}, 
title={A survey of peer-to-peer storage techniques for distributed file systems}, 
year={2005}, 
volume={2}, 
number={}, 
pages={205-213 Vol. 2}, 
}

@inproceedings {REM:zhang,
author = {Fan Zhang and Ittay Eyal and Robert Escriva and Ari Juels and Robbert Van Renesse},
title = {{REM: Resource-Efficient Mining for Blockchains}},
booktitle = {Proceedings of the $26^{\mbox{\tiny th}}$ {USENIX} Security Symposium},
year = {2017},
pages = {1427-1444},
}

@InProceedings{thunderella:pass,
author="Pass, Rafael
and Shi, Elaine",
editor="Nielsen, Jesper Buus
and Rijmen, Vincent",
title="Thunderella: Blockchains with Optimistic Instant Confirmation",
booktitle="Advances in Cryptology -- EUROCRYPT 2018 ",
year="2018",
pages="3-33",
}

@inproceedings {byzcoin:kogias,
author = {Eleftherios Kokoris Kogias and Philipp Jovanovic and Nicolas Gailly and Ismail Khoffi and Linus Gasser and Bryan Ford},
title = {{Enhancing Bitcoin Security and Performance with Strong Consistency via Collective Signing}},
booktitle = {Proceedings of the $25^{\mbox{\tiny th}}$ {USENIX} Security Symposium ({USENIX})},
year = {2016},
pages = {279-296},
}

@inproceedings{honeybadger:Miller,
 author = {Miller, Andrew and Xia, Yu and Croman, Kyle and Shi, Elaine and Song, Dawn},
 title = {The Honey Badger of BFT Protocols},
 booktitle = {Proceedings of the 2016 ACM SIGSAC Conference on Computer and Communications Security (CCS)},
 year = {2016},
 pages = {31-42},
} 

@article{GolanGueta2018SBFTAS,
  title={{SBFT:  A Scalable Decentralized Trust Infrastructure for Blockchains}},
  author={Guy Golan-Gueta and Ittai Abraham and Shelly Grossman and Dahlia Malkhi and Benny Pinkas and Michael K. Reiter and Dragos-Adrian Seredinschi and Orr Tamir and Alin Tomescu},
  journal={CoRR},
  year={2018},
  volume={abs/1804.01626},
}


@MISC{poet,
    author = {Intel},
    title = {{PoET 1.0 Specification}},
    note = {\url{sawtooth.hyperledger.org/docs/core/releases/1.0/architecture/poet.html}},
    year = {2018},
}


@article{hou2017randomized,
  title={Randomized View Reconciliation in Permissionless Distributed Systems},
  author={Hou, Ruomu and Jahja, Irvan and Luu, Loi and Saxena, Prateek and Yu, Haifeng},
  year={2017}
}

@MISC{bitnodes,
    author = {Bitnodes},
    title = {{Bitnodes is currently being developed to estimate the size of the Bitcoin network by finding all the reachable nodes in the network}},
    note = {\url{https://bitnodes.earn.com/dashboard/}},
    year = {2018},
}


@article{katz2014pseudonymous,
  title={Pseudonymous secure computation from time-lock puzzles},
  author={Katz, Jonathan and Miller, Andrew and Shi, Elaine},
  year={2014},
  publisher={Citeseer}
}

@inproceedings{berman1989asymptotically,
  title={{Asymptotically Optimal Distributed Consensus}},
  author={Berman, Piotr and Garay, Juan A},
  booktitle={International Colloquium on Automata, Languages, and Programming (ICALP)},
  pages={80-94},
  year={1989},
  organization={Springer}
}

@article{dwork1988consensus,
  title={Consensus in the presence of partial synchrony},
  author={Dwork, Cynthia and Lynch, Nancy and Stockmeyer, Larry},
  journal={Journal of the ACM (JACM)},
  volume={35},
  number={2},
  pages={288--323},
  year={1988},
  publisher={ACM}
}

@inproceedings{pass2017analysis,
  title={Analysis of the blockchain protocol in asynchronous networks},
  author={Pass, Rafael and Seeman, Lior and Shelat, Abhi},
  booktitle={Annual International Conference on the Theory and Applications of Cryptographic Techniques},
  pages={643--673},
  year={2017},
  organization={Springer}
}

@article{applebaum2010secrecy,
  title={From secrecy to soundness: Efficient verification via secure computation},
  author={Applebaum, Benny and Ishai, Yuval and Kushilevitz, Eyal},
  journal={Automata, languages and Programming},
  pages={152--163},
  year={2010},
  publisher={Springer}
}


@inproceedings{beerliova2006efficient,
  title={Efficient multi-party computation with dispute control},
  author={Beerliov{\'a}-Trub{\i}niov{\'a}, Zuzana and Hirt, Martin},
  booktitle={TCC},
  volume={3876},
  pages={305--328},
  year={2006},
  organization={Springer}
}

@inproceedings{bogetoft2009secure,
  title={Secure Multiparty Computation Goes Live},
  author={Bogetoft, Peter and Christensen, Dan Lund and Damg{\aa}rd, Ivan and Geisler, Martin and Jakobsen, Thomas P and Kr{\o}igaard, Mikkel and Nielsen, Janus Dam and Nielsen, Jesper Buus and Nielsen, Kurt and Pagter, Jakob and others},
  booktitle={Financial Cryptography},
  volume={5628},
  pages={325--343},
  year={2009},
  organization={Springer}
}

@inproceedings{damgard2006scalable,
  title={Scalable secure multiparty computation},
  author={Damgard, Ivan and Ishai, Yuval},
  booktitle={Crypto},
  volume={4117},
  pages={501--520},
  year={2006},
  organization={Springer}
}

@article{damgaard2008scalable,
  title={Scalable multiparty computation with nearly optimal work and resilience},
  author={Damg{\aa}rd, Ivan and Ishai, Yuval and Kr{\o}igaard, Mikkel and Nielsen, Jesper and Smith, Adam},
  journal={Advances in Cryptology--CRYPTO 2008},
  pages={241--261},
  year={2008},
  publisher={Springer}
}

@article{goldreich1998secure,
  title={Secure multi-party computation},
  author={Goldreich, Oded},
  journal={Manuscript. Preliminary version},
  pages={86--97},
  year={1998}
}

@inproceedings{dani2014quorums,
  title={Quorums quicken queries: Efficient asynchronous secure multiparty computation},
  author={Dani, Varsha and King, Valerie and Movahedi, Mahnush and Saia, Jared},
  booktitle={International Conference on Distributed Computing and Networking},
  pages={242--256},
  year={2014},
  organization={Springer}
}

@article{goldwasser1988digital,
  title={A digital signature scheme secure against adaptive chosen-message attacks},
  author={Goldwasser, Shafi and Micali, Silvio and Rivest, Ronald L},
  journal={SIAM Journal on Computing},
  volume={17},
  number={2},
  pages={281--308},
  year={1988},
  publisher={SIAM}
}

@inproceedings{croman2016scaling,
  title={On scaling decentralized blockchains},
  author={Croman, Kyle and Decker, Christian and Eyal, Ittay and Gencer, Adem Efe and Juels, Ari and Kosba, Ahmed and Miller, Andrew and Saxena, Prateek and Shi, Elaine and Sirer, Emin G{\"u}n and others},
  booktitle={International Conference on Financial Cryptography and Data Security},
  pages={106--125},
  year={2016},
  organization={Springer}
}

@book{mitzenmacher2017probability,
  title={Probability and Computing: Randomization and Probabilistic Techniques in Algorithms and Data Analysis},
  author={Mitzenmacher, Michael and Upfal, Eli},
  year={2017},
  publisher={Cambridge University Press}
}


@article{weibull1951wide,
  title={Wide applicability},
  author={Weibull, Waloddi},
  journal={Journal of applied mechanics},
  volume={103},
  number={730},
  pages={293--297},
  year={1951}
}


@book{grinstead2012introduction,
  title={Introduction to probability},
  author={Grinstead, Charles Miller and Snell, James Laurie},
  year={2012},
  publisher={American Mathematical Soc.}
}

@article{pass2016hybrid,
  title={{Hybrid Consensus: Efficient Consensus in the Permissionless Model}},
  author={Pass, Rafael and Shi, Elaine},
  journal={IACR Cryptology ePrint Archive},
  volume={},
  pages={917},
  year={2016}
}


@techreport{AspnesJK2005,
  title={{Exposing Computationally-Challenged Byzantine Impostors}},
  author={Aspnes, James and Jackson, Collin and Krishnamurthy, Arvind},
  year={2005},
  institution={Tech. Report YALEU/DCS/TR-1332, Yale University http://www. cs.yale.edu/homes/aspnes/papers/tr1332.pdf}
}


@inproceedings{Stutzbach:2006:UCP:1177080.1177105,
 author = {Stutzbach, Daniel and Rejaie, Reza},
 title = {{Understanding Churn in Peer-to-peer Networks}},
 booktitle = {Proceedings of the 6th ACM SIGCOMM Conference on Internet Measurement (IMC)},
 year = {2006},
 isbn = {1-59593-561-4},
 location = {Rio de Janeriro, Brazil},
 pages = {189--202},
 numpages = {14},
 url = {http://doi.acm.org/10.1145/1177080.1177105},
 doi = {10.1145/1177080.1177105},
 acmid = {1177105},
 publisher = {ACM},
 address = {New York, NY, USA},
 keywords = {Gnutella, bitTorrent, churn, kad, peer-to-peer, session length, uptime},
} 


@inproceedings{Aiyer:2005:BFT,
 author = {Aiyer, Amitanand S. and Alvisi, Lorenzo and Clement, Allen and Dahlin, Mike and Martin, Jean-Philippe and Porth, Carl},
 title = {{BAR Fault Tolerance for Cooperative Services}},
 booktitle = {Proceedings of the Twentieth ACM Symposium on Operating Systems Principles (SOSP)},
 year = {2005},
 pages = {45-58},
 }

@inproceedings{Vilaca:2012:ACN,
 author = {Vila\c{c}a, Xavier and Denysyuk, Oksana and Rodrigues, Lu\'{\i}s},
 title = {{Asynchrony and Collusion in the N-party BAR Transfer Problem}},
 booktitle = {Proceedings of the $19^{th}$ International Conference on Structural Information and Communication Complexity (SIROCCO)},
 year = {2012},
 pages = {183-194},
 }
 
 @inproceedings{Vilaca:NBT,
 author = {Vila\c{c}a,, Xavier and Leit\~{a}o, Jo\~{a}o and Correia, Miguel and Rodrigues, Lu\'{\i}s},
 title = {{N-Party BAR Transfer}},
 booktitle = {Proceedings of the 15th International Conference on Principles of Distributed Systems (OPODIS)},
 year = {2011},
 pages = {392-408},
 }
 
 @inproceedings{Wong:2010:MBA,
 author = {Wong, Edmund L. and Leners, Joshua B. and Alvisi, Lorenzo},
 title = {{It's on Me! The Benefit of Altruism in BAR Environment}},
 booktitle = {Proceedings of the 24th International Conference on Distributed Computing (DISC)},
 year = {2010},
 pages = {406-420},
 }
 
@inproceedings{Li:2006:BG,
 author = {Li, Harry C. and Clement, Allen and Wong, Edmund L. and Napper, Jeff and Roy, Indrajit and Alvisi, Lorenzo and Dahlin, Michael},
 title = {{BAR Gossip}},
 booktitle = {Proceedings of the 7th Symposium on Operating Systems Design and Implementation},
 series = {OSDI '06},
 year = {2006},
 pages = {191-204},
 }

@inproceedings{Dinger:2006,
 author = {Dinger, Jochen and Hartenstein, Hannes},
 title = {{Defending the Sybil Attack in P2P Networks: Taxonomy, Challenges, and a Proposal for Self-Registration}},
 booktitle = {Proceedings of the First International Conference on Availability, Reliability and Security (ARES)},
 year = {2006},
 pages = {756-763},
 }

@INPROCEEDINGS{1550961, 
author={Honghao Wang and Yingwu Zhu and Yiming Hu}, 
booktitle={Proceedings of the IEEE Conference on Local Computer Networks}, 
title={{An Efficient and Secure Peer-to-Peer Overlay Network}}, 
year={2005}, 
volume={}, 
number={}, 
pages={764-771}, 
}

@inproceedings{Rowaihy:2007,
 author = {Rowaihy, H. and Enck, W. and McDaniel, P. and La Porta, T.},
 title = {{Limiting Sybil Attacks in Structured P2P Networks}},
 booktitle = {Proceedings of the IEEE INFOCOM - 26th IEEE International Conference on Computer Communications},
 year = {2007},
 isbn = {1-4244-1047-9},
 pages = {2596-2600},
 }

@article{Yu:2010:Sybillimit,
 author = {Yu, Haifeng and Gibbons, Phillip B. and Kaminsky, Michael and Xiao, Feng},
 title = {{SybilLimit: A Near-Optimal Social Network Defense Against Sybil Attacks}},
 journal = {IEEE/ACM Trans. Netw.},
 issue_date = {June 2010},
 volume = {18},
 number = {3},
 month = jun,
 year = {2010},
 issn = {1063-6692},
 pages = {885---898},
 }

@inproceedings{AnceaumeLRB08,
  author    = {Emmanuelle Anceaume and
               Romaric Ludinard and
               Aina Ravoaja and
               Francisco Vilar Brasileiro},
  title     = {{PeerCube: {A} Hypercube-Based {P2P} Overlay Robust against Collusion
               and Churn}},
  booktitle = {Proceedings of the $2^{nd}$ {IEEE} International Conference on Self-Adaptive and Self-Organizing
               Systems (SASO)},
  pages     = {15-24},
  year      = {2008},
  }

@inproceedings{king2011load,
  title={{Load Balanced Scalable Byzantine Agreement Through Quorum Building, with Full Information}},
  author={King, Valerie and Lonargan, Steven and Saia, Jared and Trehan, Amitabh},
  booktitle={International Conference on Distributed Computing and Networking},
  pages={203--214},
  year={2011},
  organization={Springer}
}

@article{abraham:blockchain,
  title={{The Blockchain Consensus Layer and BFT}},
  author={Ittai Abraham and Dahlia Malkhi},
  journal={Bulletin of the EATCS: Distributed Computing Column},
  pages={},
  volume={},
  number={},
  year={2017},
}


@MISC{bitcoin-sybil,
    author = {Till Neudecker},
    title = {{Bitcoin Cash (BCH) Sybil Nodes on the
Bitcoin Peer-to-Peer Network}},
    note = {\url{http://dsn.tm.kit.edu/publications/files/332/bch_sybil.pdf}},
    year = {2017},
}

@MISC{NS3,
    author = {NS-3  Consortium},
    title = {{NS-3}},
    note = {\url{www.nsnam.org}},
    year = {2017},
}

@MISC{NS3-thousand,
    author = {NS-3  Consortium},
    title = {{NS-3}},
    note = {\url{https://www.nsnam.org/overview/publications/}},
    year = {2017},
}

@MISC{bc-Denmark,
    author = {Digiconomist},
    title = {{Bitcoin Energy Consumption Index}},
    note = {\url{https://digiconomist.net/bitcoin-energy-consumption}},
    year = {2018},
}

 @article{lamport1982byzantine,
  title={{The Byzantine Generals Problem}},
  author={Lamport, Leslie and Shostak, Robert and Pease, Marshall},
  journal={ACM Transactions on Programming Languages and Systems (TOPLAS)},
  volume={4},
  number={3},
  pages={382--401},
  year={1982},
  publisher={ACM}
}

@inproceedings{king2009almost,
  title={{From Almost Everywhere to Everywhere: Byzantine Agreement with soft-O ($n^{3/2}$) Bits.}},
  author={King, Valerie and Saia, Jared},
  booktitle={International Symposium on Distributed Computing (DISC)},
  pages={464--478},
  year={2009},
}

@Article{King2017,
author="King, Valerie
and Pettie, Seth
and Saia, Jared
and Young, Maxwell",
title={{A Resource-Competitive Jamming Defense}},
journal="Distributed Computing",
year="2017",
month="September",
}

@article{dani2015scalable,
  title={{Scalable Mechanisms for Rational Secret Sharing}},
  author={Dani, Varsha and Movahedi, Mahnush and Saia, Jared},
  journal={Distributed Computing},
  volume={28},
  number={3},
  pages={171--187},
  year={2015},
  publisher={Springer}
}


@inproceedings{dani2011scalable,
 author = {Dani, Varsha and Movahedi, Mahnush and Rodriguez, Yamel and Saia, Jared},
 title = {{Scalable Mechanisms for Rational Secret Sharing}},
 booktitle = {Proceedings of the ACM Symposium on Principles of Distributed Computing (PODC)},
 year = {2011}
}


@inproceedings{augustine:fast,
 author = {Augustine, John and Pandurangan, Gopal and Robinson, Peter},
 title = {{Fast Byzantine Agreement in Dynamic Networks}},
 booktitle = {Proceedings of the ACM Symposium on Principles of Distributed Computing (PODC)},
 year = {2013},
 pages = {74-83},
}

@Inbook{Kiayias2017,
author="Kiayias, Aggelos
and Russell, Alexander
and David, Bernardo
and Oliynykov, Roman",
editor="Katz, Jonathan
and Shacham, Hovav",
title={{Ouroboros: A Provably Secure Proof-of-Stake Blockchain Protocol}},
bookTitle="Proceedings of the $37$th Annual International Cryptology Conference  (CRYPTO) ",
year="2017",
pages="357-388",
}

@Inbook{Bentov2016,
author="Bentov, Iddo
and Gabizon, Ariel
and Mizrahi, Alex",
editor="Clark, Jeremy
and Meiklejohn, Sarah
and Ryan, Peter Y.A.
and Wallach, Dan
and Brenner, Michael
and Rohloff, Kurt",
title={{Cryptocurrencies Without Proof of Work}},
bookTitle="International Conference on Financial Cryptography and Data Security (FC)",
year="2016",
publisher="Springer Berlin Heidelberg",
address="Berlin, Heidelberg",
pages="142-157",
}


@inproceedings{Anderton:2017,
 author = {Anderton, William C. and Young, Maxwell},
 title = {{Is Our Model for Contention Resolution Wrong?: Confronting the Cost of Collisions}},
 booktitle = {Proceedings of the 29th ACM Symposium on Parallelism in Algorithms and Architectures (SPAA)},
 year = {2017},
 pages = {183-194},
 }
 
@inproceedings{AngluinACWY05,
  author    = {Dana Angluin and
               James Aspnes and
               Jiang Chen and
               Yinghua Wu and
               Yitong Yin},
  title     = {{Fast Construction of Overlay Networks}},
  booktitle = {Proceedings of the 17th Annual {ACM} Symposium on Parallelism
               in Algorithms and Architectures (SPAA)},
  pages     = {145-154},
  year      = {2005},
 }
 
 
 @inproceedings{AspnesW07,
  author    = {James Aspnes and
               Yinghua Wu},
  title     = {{$O(\log n)$-Time Overlay Network Construction from Graphs with Out-Degree
               1}},
  booktitle = {Proceedings of the 11th International Conference on Principles of Distributed Systems (OPODIS)},
  pages     = {286-300},
  year      = {2007},
  } 
  
@inproceedings {190890,
author = {Ethan Heilman and Alison Kendler and Aviv Zohar and Sharon Goldberg},
title = {{Eclipse Attacks on Bitcoin{\textquoteright}s Peer-to-Peer Network}},
booktitle = {Proceedings of the 24th USENIX Conference on Security Symposium},
year = {2015},
pages = {129-144},
}

@INPROCEEDINGS{6503215, 
author={L. Wang and J. Kangasharju}, 
booktitle={2012 IEEE Global Communications Conference (GLOBECOM)}, 
title={{Real-World Sybil Attacks in BitTorrent Mainline DHT}}, 
year={2012}, 
volume={}, 
number={}, 
pages={826-832}, 
}

@article{PhysRevLett.90.058701,
  title = {{Scale-Free Networks Are Ultrasmall}},
  author = {Cohen, Reuven and Havlin, Shlomo},
  journal = {Phys. Rev. Lett.},
  volume = {90},
  issue = {5},
  year = {2003},
  month = {Feb},

}


@INPROCEEDINGS{6688697, 
author={L. Wang and J. Kangasharju}, 
booktitle={IEEE 13th International Conference on Peer-to-Peer Computing (P2P)}, 
title={{Measuring Large-Scale Distributed Systems: Case of BitTorrent Mainline DHT}}, 
year={2013}, 
volume={}, 
number={}, 
pages={1-10},
}

@inproceedings{Chandra:2009:NUD:1855533.1855535,
 author = {Chandra, Abhishek and Weissman, Jon},
 title = {{Nebulas: Using Distributed Voluntary Resources to Build Clouds}},
 booktitle = {Proceedings of the 2009 Conference on Hot Topics in Cloud Computing (HotCloud)},
 year = {2009}
} 

@inproceedings{Anderson:2004:BSP:1032646.1033223,
 author = {Anderson, David P.},
 title = {{BOINC: A System for Public-Resource Computing and Storage}},
 booktitle = {Proceedings of the 5th IEEE/ACM International Workshop on Grid Computing (GRID)},
 year = {2004},
 isbn = {0-7695-2256-4},
 pages = {4-10},
 }

@misc{bittorrent-bundle-home,
   author  = {{BitTorrent}},
   howpublished = {{BitTorrent: Bundle}},
   note = {\url{http://bundles2.bittorrent.com/}}
}



@misc{bittorrent-bundle,
   author  = {{Alex Pham}},
   howpublished = {{BitTorrent to Launch Streaming Video Service, Appoints new Co-CEOs}},
   note = {\url{https://www.forbes.com/sites/alexpham/2016/04/21/bittorrent-to-launch-streaming-video-services-appoints-new-co-ceos/#4e4d73bb5fe1}}
}

@inproceedings{WeissmanSGRNC11,
  author    = {Jon B. Weissman and
               Pradeep Sundarrajan and
               Abhishek Gupta and
               Matthew Ryden and
               Rohit Nair and
               Abhishek Chandra},
  title     = {{Early Experience with the Distributed Nebula Cloud}},
  booktitle = {Proceedings of the Fourth International Workshop on Data-intensive
               Distributed Computing (DIDC)},
  pages     = {17-26},
  year      = {2011},
  }

@inproceedings{Mohaisen:2013:TDC:2484313.2484332,
 author = {Mohaisen, Abedelaziz and Tran, Huy and Chandra, Abhishek and Kim, Yongdae},
 title = {Trustworthy Distributed Computing on Social Networks},
 booktitle = {Proceedings of the 8th ACM SIGSAC Symposium on Information, Computer and Communications Security},
 series = {ASIA CCS '13},
 year = {2013},
 isbn = {978-1-4503-1767-2},
 location = {Hangzhou, China},
 pages = {155-160},
}

@MISC{spacemonkey,
    author = {Katherine Boehret},
    title = {{Space Monkey Peer-to-Peer Digital Storage System Offers Better Backup}},
    note = {\url{https://www.wsj.com/articles/space-monkey-peertopeer-digital-storage-system-offers-better-backup-1386716921}},
    year = {2013}
}



@inproceedings{Augustine:2012,
 author = {Augustine, John and Pandurangan, Gopal and Robinson, Peter and Upfal, Eli},
 title = {{Towards Robust and Efficient Computation in Dynamic Peer-to-peer Networks}},
 booktitle = {Proceedings of the Twenty-third Annual ACM-SIAM Symposium on Discrete Algorithms (SODA)},
 year = {2012},
 pages = {551-569},
 }
 
 
@inproceedings{Augustine2015,
  title={{Fast Byzantine Leader Election in Dynamic Networks}},
  author={Augustine, John and Pandurangan, Gopal and Robinson, Peter},
  booktitle={International Symposium on Distributed Computing (DISC)},
  pages={276--291},
  year={2015},
  organization={Springer}
} 
  
 @INPROCEEDINGS{7354403,
author={Augustine, John and Pandurangan, Gopal and Robinson, Peter and Roche, Scott and Upfal, Eli},
booktitle={Proceedings of the IEEE 56th Annual Symposium on Foundations of Computer Science (FOCS)},
title={{Enabling Robust and Efficient Distributed Computation in Dynamic Peer-to-Peer Networks}},
year={2015},
volume={},
number={},
pages={350-369}, 
}


@inproceedings{Augustine:2013:SSD:2486159.2486170,
 author = {Augustine, John and Molla, Anisur Rahaman and Morsy, Ehab and Pandurangan, Gopal and Robinson, Peter and Upfal, Eli},
 title = {{Storage and Search in Dynamic Peer-to-peer Networks}},
 booktitle = {Proceedings of the Twenty-fifth Annual ACM Symposium on Parallelism in Algorithms and Architectures (SPAA)},
 year = {2013},
 pages = {53-62},
 }

@misc{chordplus:awerbuch,
    author = {Baruch Awerbuch and Christian Scheideler},	
    title = {{Chord++: Low-Congestion Routing in Chord}},
    howpublished = {\url{www.cs.jhu.edu/~scheideler/papers/chord4.ps.gz}},
    year={2004}
}

@article{fraigniaud:d2b,
 author = {Fraigniaud, Pierre and Gauron, Philippe},
 title = {{D2B: A De Bruijn Based Content-addressable Network}},
 journal = {Theor. Comput. Sci.},
 issue_date = {6 April 2006},
 volume = {355},
 number = {1},
 month = apr,
 year = {2006},
 pages = {65-79},
 }

@INPROCEEDINGS{li:fissione, 
author={Dongsheng Li and Xicheng Lu and Jie Wu}, 
booktitle={Proceedings IEEE 24th Annual Joint Conference of the IEEE Computer and Communications Societies.}, 
title={{FISSIONE: A Scalable Constant Degree and Low Congestion DHT Scheme Based on Kautz Graphs}}, 
year={2005}, 
volume={3}, 
pages={1677-1688}, 
}


@article{JaiyeolaPSYZ17,
  author    = {Mercy O. Jaiyeola and
               Kyle Patron and
               Jared Saia and
               Maxwell Young and
               Qian M. Zhou},
  title     = {{Tiny Groups Tackle Byzantine Adversaries}},
  journal   = {CoRR},
  volume    = {abs/1705.10387},
  year      = {2017},
  url       = {http://arxiv.org/abs/1705.10387},
}

@inproceedings{CromanDEGJKMSSS16,
  author    = {Kyle Croman and
               Christian Decker and
               Ittay Eyal and
               Adem Efe Gencer and
               Ari Juels and
               Ahmed E. Kosba and
               Andrew Miller and
               Prateek Saxena and
               Elaine Shi and
               Emin G{\"{u}}n Sirer and
               Dawn Song and
               Roger Wattenhofer},
  title     = {On Scaling Decentralized Blockchains - {(A} Position Paper)},
  booktitle = {Financial Cryptography and Data Security - {FC} 2016 International
               Workshops, BITCOIN, VOTING, and WAHC, Christ Church, Barbados, February
               26, 2016, Revised Selected Papers},
  pages     = {106-125},
  year      = {2016},
 }

@techreport{guha2005experimental,
  title={{An Experimental Study of the Skype Peer-to-peer VoIP System}},
  author={Guha, Saikat and Daswani, Neil},
  year={2005},
  institution={Cornell University}
}
  
  
@INPROCEEDINGS{7140490, 
author={Till Neudecker and Philipp Andelfinger and Hannes Hartenstein}, 
booktitle={Proceedings of the IFIP/IEEE International Symposium on Integrated Network Management (IM)}, 
title={{A Simulation Model for Analysis of Attacks on the Bitcoin Peer-to-Peer Network}}, 
year={2015}, 
volume={}, 
number={}, 
pages={1327-1332}, 
}  
  
@inproceedings{neudecker-atc16,
  title = {Timing Analysis for Inferring the Topology of the Bitcoin 
Peer-to-Peer Network},
  author = {Neudecker, Till and Andelfinger, Philipp and Hartenstein, Hannes},
  booktitle = {Proceedings of the 13th IEEE International Conference on 
Advanced and Trusted Computing (ATC)},
  year = {2016},
  month = {July}
}

@inproceedings{neudecker-fc17,
  title={Could Network Information Facilitate Address Clustering in Bitcoin?},
  author={Neudecker, Till and Hartenstein, Hannes},
  booktitle={International Conference on Financial Cryptography and Data 
Security},
  year = {2017},
  organization = {springer}
}


@article{SINHA201714,
title = {{A Survey on LPWA Technology: LoRa and NB-IoT}},
journal = "ICT Express",
volume = "3",
number = "1",
pages = "14 - 21",
year = "2017",
author = "Rashmi Sharan Sinha and Yiqiao Wei and Seung-Hoon Hwang",
}

@inproceedings{Anantharamu:2011:MAC,
 author = {Anantharamu, Lakshmi and Chlebus, Bogdan S. and Kowalski, Dariusz R. and Rokicki, Mariusz A.},
 title = {{Medium Access Control for Adversarial Channels with Jamming}},
 booktitle = {Proceedings of the 18th International Conference on Structural Information and Communication Complexity (SIROCCO)},
 year = {2011},
 pages = {89-100},
}

@MISC{LoRa,
    author = {N. Sornin and M. Luis and T. Eirich and T. Kramp and O.Hersent},
    title = {{LoRaWAN Specification, Version 1.0}},
    note = {\url{https://www.lora-alliance.org/portals/0/specs/LoRaWAN\%20Specification\%201R0.pdf}},
    year = {2015},
}

@MISC{sigfox,
    author = {Sigfox},
    title = {{Sigfox: The World?s Leading Internet of Things (IoT) Connectivity Service}},
    note = {\url{https://www.sigfox.com/en}},
    year = {2015},
}

@MISC{LTE,
    author = {3GPP},
    title = {{LTE, Evolved Universal Terrestrial Radio Access (E-UTRA), Medium Access Control (MAC) Protocol Specification
(3GPP TS 36.321, Version 14.2.1, Release 14) }},
    note = {\url{http://www.etsi.org/deliver/etsi_ts/136300_136399/136321/14.02.01_60/ts_136321v140201p.pdf}},
    year = {2017},
}

@MISC{predict1,
    author = {Rob van der Meulen, Garter},
    title = {{Gartner Says 8.4 Billion Connected "Things" Will Be in Use in 2017, Up 31 Percent From 2016}},
    note = {\url{http://www.gartner.com/newsroom/id/3598917}},
    year = {2017},
}

@MISC{monarch,
    author = { Martha DeGrasse },
    title = {{LTE for IoT: Sequans launches LTE Cat-M chipset}},
    note = {\url{http://www.rcrwireless.com/20160216/internet-of-things/lte-iot-sequans-cat-m-verizon-tag4}},
    year = {2016},
}

@MISC{ericsson,
    author = {Ericsson},
    title = {{Ericsson Mobility Report}},
    note = {\url{https://www.ericsson.com/res/docs/2016/ericsson-mobility-report-2016.pdf}},
    year = {2016},
}

@MISC{predict2,
    author = {IHS Markit},
    title = {{IoT Trend Watch 2017}},
    note = {\url{https://www.ihs.com/info/0117/IoT-Trend-Watch-2017.html}},
    year = {2017},
}


@inproceedings{Chrobak:2004:WPM:982792.982941,
 author = {Chrobak, Marek and Gasieniec, Leszek and Kowalski, Dariusz},
 title = {{The Wake-up Problem in Multi-hop Radio Networks}},
 booktitle = {Proceedings of the Fifteenth Annual ACM-SIAM Symposium on Discrete Algorithms (SODA)},
 year = {2004},
 pages = {992-1000},
 }

@inproceedings{emek:frequency,
   author={Yuval  Emek  and Roger Wattenhofer},
   booktitle={Proceedings of the $27^{th}$ International Symposium  Distributed Computing (DISC)},
   title={{Frequency Hopping against a Powerful Adversary}},
   pages={329-343},
   year={2013}
}

@inproceedings{Tan2014,
author={Tan, Henry and Wacek, Chris and Newport, Calvin and Sherr, Micah},
title={{A Disruption-Resistant MAC Layer for Multichannel Wireless Networks}},
bookTitle={Proceedings of the 18th International Conference on Principles of Distributed Systems (OPODIS)},
year={2014},
pages={202-216}
}

@MISC{FCC:humphreys,
    author = {Federal Communications Commission},
    title = {{FCC 14-55: Notice of Apparent Liability for Forfeiture of Illegal Operation of Signal Jamming Device}},
    note = {\url{https://apps.fcc.gov/edocs_public/attachmatch/FCC-14-55A1.pdf}},
    year = {2014},
}

@MISC{nicholl,
    author = {Steve Schmadeke, Chicago Tribune},
    title = {{Lawyer: Man accused of jamming calls on Red Line 'disturbed by people talking around him'}},
    note = {\url{http://www.chicagotribune.com/news/local/breaking/ct-cell-phone-jamming-red-line-20160309-story.html}},
    year = {2016},
}

@MISC{marriott,
    author = {Nancy Trejos, USA Today},
    title = {{FCC fines Marriott \$600,000 for Wi-Fi blocking}},
    note = {\url{https://www.usatoday.com/story/money/business/2014/10/03/marriott-fcc-nashville-fined-wifi-blocking/16648695/}},
    year = {2014},
}

@inproceedings{pow-without,
  author    = {Diksha Gupta and
               Jared Saia and
               Maxwell Young},
  title     = {{Proof of Work Without All the Work}},
  booktitle = {Proceedings of the $19^{th}$ International Conference on Distributed Computing and Networking (ICDCN)},
  year = {2018},
  }


@article{gupta2017proof,
  title={{Proof of Work Without All the Work}},
  author={Gupta, Diksha and Saia, Jared and Young, Maxwell},
  journal={arXiv preprint arXiv:1708.01285},
  year={2017}
}

@inproceedings{andrychowicz2015pow,
  title={{PoW-Based Distributed Cryptography with No Trusted Setup}},
  author={Andrychowicz, Marcin and Dziembowski, Stefan},
  booktitle={Annual Cryptology Conference},
  pages={379--399},
  year={2015},
  organization={Springer}
}


@article{zamani2014millions,
  title={{Millions of Millionaires: Multiparty Computation in Large Networks}},
  author={Zamani, Mahdi and Movahedi, Mahnush and Saia, Jared},
  journal={IACR Cryptology ePrint Archive},
  volume={2014},
  pages={149},
  year={2014}
}


@inproceedings{DBLP:conf/sirocco/MovahediSZ15,
  author    = {Mahnush Movahedi and
               Jared Saia and
               Mahdi Zamani},
  title     = {{Secure Multi-Party Shuffling}},
  booktitle = {Proceedings of the $22^{nd}$ International Colloquium,Structural Information and Communication Complexity {(SIROCCO)}},
  pages     = {459-473},
  year      = {2015},
  }
  
@proceedings{DBLP:conf/sirocco/2015,
  editor    = {Christian Scheideler},
  title     = {Structural Information and Communication Complexity - 22nd International
               Colloquium, {SIROCCO} 2015, Montserrat, Spain, July 14-16, 2015, Post-Proceedings},
  series    = {Lecture Notes in Computer Science},
  volume    = {9439},
  publisher = {Springer},
  year      = {2015},
  url       = {http://dx.doi.org/10.1007/978-3-319-25258-2},
  doi       = {10.1007/978-3-319-25258-2},
  isbn      = {978-3-319-25257-5},
  timestamp = {Thu, 22 Oct 2015 12:04:41 +0200},
  biburl    = {http://dblp.uni-trier.de/rec/bib/conf/sirocco/2015},
  bibsource = {dblp computer science bibliography, http://dblp.org}
}

@inproceedings{bender2016contention,
  title={Contention resolution with log-logstar channel accesses},
  author={Bender, Michael A and Kopelowitz, Tsvi and Pettie, Seth and Young, Maxwell},
  booktitle={Proceedings of the 48th Annual ACM SIGACT Symposium on Theory of Computing},
  pages={499--508},
  year={2016},
  organization={ACM}
}

@Misc{lifehacker,
 author = {Lifehacker, Adam Dachis},
  title = {{Circumvent Wi-Fi Time Limits at Coffee Shops by Spoofing Your MAC Address}},
  note  = {http://lifehacker.com/5916339/circumvent-wi-fi-time-limits-at-coffee-shops-by-spoofing-your-mac-address},
  year = {2012},
}

@Misc{ruckus,
 author = {Ruckus Wireless Inc.},
  title = {{Securing the World's Most Hostile Wi-Fi Network}},
  note  = {\url{http://www.rogersvp.com/news/company-news/ruckus-wireless/securing-the-worlds-most-hostile-wi-fi-network/#.WCjXWRIrImo}},
  year = {2015},
}

@Misc{wiki:hash-chain,
 author = {Wikipedia},
  title = {{Hash Chain}},
  note  = {\url{https://en.wikipedia.org/wiki/Hash_chain}},
  year = {2016},
}



@Misc{msu:demo,
 author = {Mississippi State University, Office of Institutional Research and Effectiveness},
  title = {{Mississippi State University Student Enrollment Profile}},
  note  = {\url{http://www.ir.msstate.edu/enroll_profile15.pdf}},
  year = {2015},
}

@Misc{unm:demo,
 author = {University of New Mexico},
  title = {{Fall 2016 Official Enrollment Report}},
  note  = {\url{http://oia.unm.edu/facts-and-figures/oer-fall-2016.pdf}},
  year = {2016},
}

@inproceedings{jurdzinski:energy,
 author = {Tomasz Jurdzi\'{n}ski and Miros\l{}aw Kuty\l{}owski and Jan Zatopia\'{n}ski},
 title = {{Energy-Efficient Size Approximation of Radio Networks with No Collision Detection}},
 booktitle = {Proceedings of the 8th Annual International Conference (COCOON)},
 year = {2002},
 pages = {279-289},
}

@inproceedings{klonowski:countermeasures,
 author = {Klonowski, Marek and Koza, Michal},
 title = {{Countermeasures Against Sybil Attacks in WSN Based on Proofs-of-Work}},
 booktitle = {Proceedings of the Sixth ACM Conference on Security and Privacy in Wireless and Mobile Networks},
 series = {WiSec '13},
 year = {2013},
 isbn = {978-1-4503-1998-0},
 location = {Budapest, Hungary},
 pages = {179-184},
}
@article{merkle:secure,
 author = {Merkle, Ralph C.},
 title = {{Secure Communications over Insecure Channels}},
 journal = {Communications of the ACM},
 issue_date = {April 1978},
 volume = {21},
 number = {4},
 month = apr,
 year = {1978},
 pages = {294-299},
 }

@inproceedings{eyal2016bitcoin,
  title={{Bitcoin-NG: A Scalable Blockchain Protocol}},
  author={Eyal, Ittay and Gencer, Adem Efe and Sirer, Emin G{\"u}n and Van Renesse, Robbert},
  booktitle={Proceedings of the $13^{th}$ USENIX Symposium on Networked Systems Design and Implementation (NSDI)},
  pages={45--59},
  year={2016}
}

@Misc{ipset,
 author = {IPSet},
  title = {{IPSet}},
  note  = {\url{ipset.netfilter.org/}},
  year = {2015},
}

@Misc{jamming:illegal,
 author = {CNet, Don Reisinger},
  title = {{FCC Says Blocking Wireless Hotspots is Illegal}},
  note  = {\url{https://www.cnet.com/news/fcc-says-blocking-wireless-hotspots-is-illegal/}},
  year = {2015},
}

@Misc{jamming:marriott,
 author = {CNN, David Goldman},
  title = {{FCC to Marriott: Never Try to Block Wi-Fi Again}},
  note  = {\url{http://money.cnn.com/2015/01/27/technology/fcc-wifi-hotel/}},
  year = {2015},
}






@Misc{miller:discovering,
 author = {Andrew Miller and James Litton and Andrew Pachulski and Neil Spring  and Neal Gupta and Dave Levin and Bobby
Bhattacharjee},
  title = {{Discovering Bitcoin's Public Topology and Influential Nodes}},
  note  = {\url{http://cs.umd.edu/projects/coinscope/coinscope.pdf}},
  year = {2015},
}

@Misc{openBazaar,
 author = {OpenBazaar},
  title = {{OpenBazaar: A Free Online Marketplace}},
  note  = {\url{https://www.openbazaar.org/}},
  year = {2017},
}

@Misc{iota,
 author = {IOTA},
  title = {{IOTA: The Economy of Things}},
  note  = {\url{http://iota.org/}},
  year = {2017},
}


@Misc{litecoin,
 author = {litecoin},
  title = {{litecoin: Global Decentralized Currency}},
  note  = {\url{https://litecoin.org/}},
  year = {2017},
}


@Misc{doge,
 author = {DogeCoin},
  title = {{DogeCoin}},
  note  = {\url{(http://dogecoin.com/}},
  year = {2017},
}

@Misc{primecoin,
 author = {Primecoin},
  title = {{Primecoin: A New Type of Cryptocurrency Which is Proof-of-work Based on Searching for Prime Numbers}},
  note  = {\url{(http://primecoin.io/}},
  year = {2017},
}


@Misc{dashcoin,
 author = {Dash},
  title = {{Dash is Digital Cash}},
  note  = {\url{(https://www.dash.org/}},
  year = {2017},
}


@Misc{hashcat,
 author = {Hashcat},
  title = {{Benchmark Results}},
  note  = {\url{http://thepasswordproject.com/oclhashcat_benchmarking}},
  year = {2016},
}

@Misc{mining,
 author = {BitcoinWiki},
  title = {{Mining Hardware Comparison}},
  note  = {\url{https://en.bitcoin.it/wiki/Mining_hardware_comparison}},
  year = {2016},
}


@Misc{non-spec,
 author = {BitcoinWiki},
  title = {{Non-Specialized Hardware Comparison}},
  note  = {\url{https://en.bitcoin.it/wiki/Non-specialized_hardware_comparison}},
  year = {2016},
}



@inproceedings{Luu:2016,
 author = {Luu, Loi and Narayanan, Viswesh and Zheng, Chaodong and Baweja, Kunal and Gilbert, Seth and Saxena, Prateek},
 title = {{A Secure Sharding Protocol For Open Blockchains}},
 booktitle = {Proceedings of the 2016 ACM SIGSAC Conference on Computer and Communications Security (CCS)},
 year = {2016},
 pages = {17-30},
 }

@Misc{bitcoinwiki,
 author = {BitcoinWiki},
  title = {{BitcoinWiki Network}},
  note  = {\url{https://en.bitcoin.it/wiki/Network#Standard_relaying}}
}

@article{Micali16,
  author    = {Jing Chen and Silvio Micali},
  title     = {{ALGORAND}},
  journal   = {CoRR},
  volume    = {abs/1607.01341v9},
  year      = {2016},
}



@inproceedings{GiladHMVZ17,
  author    = {Yossi Gilad and
               Rotem Hemo and
               Silvio Micali and
               Georgios Vlachos and
               Nickolai Zeldovich},
  title     = {{Algorand: Scaling Byzantine Agreements for Cryptocurrencies}},
  booktitle = {Proceedings of the 26th Symposium on Operating Systems Principles (SOSP)},
  pages     = {51-68},
  year      = {2017},
}


@inproceedings{Garay2015,
  title={{The Bitcoin Backbone Protocol: Analysis and Applications}},
  author={Garay, Juan and Kiayias, Aggelos and Leonardos, Nikos},
  booktitle={Proceedings of 34th Annual International Conference on the Theory and Applications of Cryptographic Techniques (EUROCRYPT)},
  pages={281--310},
  year={2015}
}

@article{CHLEBUS20061262,
title = {{Robust gossiping with an application to consensus}},
journal = "Journal of Computer and System Sciences",
volume = "72",
number = "8",
pages = "1262 - 1281",
year = "2006",
author = "Bogdan S. Chlebus and Dariusz R. Kowalski",
}

@inproceedings{weingartner:performance,
 author = {Weing\"{a}rtner, Elias and Vom Lehn, Hendrik and Wehrle, Klaus},
 title = {{A Performance Comparison of Recent Network Simulators}},
 booktitle = {Proceedings of the 2009 IEEE International Conference on Communications},
 series = {ICC'09},
 year = {2009},
 location = {Dresden, Germany},
 pages = {1287-1291},
}




@INPROCEEDINGS{stoffers:comparing, 
author={M. Stoffers and G. Riley}, 
booktitle={Proceedings of the IEEE 20th International Symposium on Modeling, Analysis and Simulation of Computer and Telecommunication Systems}, 
title={{Comparing the NS-3 Propagation Models}}, 
year={2012}, 
pages={61-67}, 
}

@inproceedings{lacage:yans,
 author = {Lacage, Mathieu and Henderson, Thomas R.},
 title = {{Yet Another Network Simulator}},
 booktitle = {Proceeding from the 2006 Workshop on {NS-2}: The IP Network Simulator},
 series = {WNS2 '06},
 year = {2006},
 }

@inproceedings{biedermann:proofbook,
  author    = {Sebastian Biedermann and Nikolaos P. Karvelas and Stefan Katzenbeisser and Thorsten Strufe and Andreas Peter},
  title     = {{ProofBook: An Online Social Network Based on Proof-of-Work and
Friend-Propagation}},
  booktitle = {International Conference on Current Trends in Theory and Practice of Computer Science (SOFSEM)},
  year      = {2014},
  pages={114-125},
 }

@inproceedings{bender:contention-logstar,
 author = {Bender, Michael A. and Kopelowitz, Tsvi and Pettie, Seth and Young, Maxwell},
 title = {{Contention Resolution with Log-logstar Channel Accesses}},
 booktitle = {Proceedings of the 48th Annual ACM SIGACT Symposium on Theory of Computing (STOC)},
 year = {2016},
 pages = {499-508},
 }

@inproceedings{PODC10,
  author    = {Valerie King and Jared Saia},
  title     = {{Breaking the $O(n^2)$ Bit Barrier: Scalable Byzantine Agreement with an Adaptive Adversary}},
  booktitle = {Proceedings of the $29^{th}$ ACM Symposium on Principles of Distributed Computing  (PODC)},
  year      = {2010},
  pages={420-429},
 }

@ARTICLE{mohaisen:sybil, 
author={Aziz Mohaisen and Joongheon Kim}, 
journal={Smart Computing Review}, 
title={{The Sybil Attacks and Defenses: A Survey}}, 
year={2013}, 
volume={3}, 
number={6}, 
pages={480-489}, 
}

@Article{coindesk,
AUTHOR={CoinDesk},
TITLE={{Think Tank Reignites Debate Over Bitcoin Mining's Environmental Effects}},
note = {\url{http://www.coindesk.com/think-tank-debate-bitcoin-mining-environment/}},
YEAR={2015}
}


@Article{arstechnica,
AUTHOR={Ars Technica},
TITLE={{Mining Bitcoins Takes Power, But is it an Environmental Disaster?}},
note = {http://arstechnica.com/business/2013/04/mining-bitcoins-takes-power-but-is-it-an-environmental-disaster/},
YEAR={2013}
}








@inproceedings{demirbas:rssi,
 author = {Demirbas, Murat and Song, Youngwhan},
 title = {{An RSSI-based Scheme for Sybil Attack Detection in Wireless Sensor Networks}},
 booktitle = {{Proceedings of the 2006 International Symposium on on World of Wireless, Mobile and Multimedia Networks (WOWMOM)}},
 year = {2006},
 pages = {564-570},
 }

@ARTICLE{liu:mason, 
author={Y. Liu and D. R. Bild and R. P. Dick and Z. M. Mao and D. S. Wallach}, 
journal={IEEE Transactions on Mobile Computing}, 
title={{The Mason Test: A Defense Against Sybil Attacks in Wireless Networks Without Trusted Authorities}}, 
year={2015}, 
volume={14}, 
number={11}, 
pages={2376-2391}, 
}

@INPROCEEDINGS{Gil-RSS-15, 
    AUTHOR    = {Stephanie Gil AND Swarun Kumar AND Mark Mazumder AND Dina Katabi AND Daniela Rus}, 
    TITLE     = {{Guaranteeing Spoof-Resilient Multi-Robot Networks}}, 
    BOOKTITLE = {Proceedings of Robotics: Science and Systems}, 
    YEAR      = {2015}, 
    ADDRESS   = {Rome, Italy}, 
    MONTH     = {July},
} 


@Article{KSJACM,
  author    = {Valerie King and Jared Saia},
  title     = {{Breaking the $O(n^2)$ Bit Barrier: Scalable Byzantine Agreement with an Adaptive Adversary}},
 journal = {Journal of the ACM (JACM)},
  volume = {58},
  number = {4},
  year = {2011}
 }


@article{Cheng2009219,
title = {{The Anatomy Study of Server-Initial Agreement for General Hierarchy Wired/Wireless Networks}},
journal = "Computer Standards \& Interfaces",
volume = "31",
number = "1",
pages = "219 - 226",
year = "2009",
note = "",
issn = "0920-5489",
doi = "DOI: 10.1016/j.csi.2007.12.004",
url = "http://www.sciencedirect.com/science/article/B6TYV-4RH94W3-2/2/10d9d5f046c5051d95c7aaec17f70af8",
author = "Chien-Fu Cheng and Shu-Ching Wang and Tyne Liang",
keywords = "Byzantine agreement protocol",
keywords = "Distributed computing",
keywords = "Fault-tolerance",
keywords = "Hierarchical model",
keywords = "Secure group communication"
}

@inproceedings{cowling:hq,
    author = {James Cowling and Daniel Myers and Barbara Liskov and Rodrigo Rodrigues and Liuba Shrira},
    title = {{HQ Replication: A Hybrid Quorum Protocol for Byzantine Fault Tolerance}},
    booktitle={Proceedings of the Third USENIX Symposium on Operating Systems Design and Implementation (OSDI)},
    year = {1999},
    pages={177-190},
}

@conference{rhea2003pond,
  title={{Pond: The OceanStore prototype}},
  author={Sean Rhea and Patrick Eaton and Dennis Geels and Hakim Weatherspoon and Ben Zhao and John Kubiatowicz},
  booktitle={Proceedings of the 2nd USENIX Conference on File and Storage Technologies},
  pages={1-14},
  year={2003},
}

@conference{kotla2007zyzzyva,
  title={{Zyzzyva: Speculative Byzantine Fault Tolerance}},
  author={ Ramakrishna Kotla and Lorenzo Alvisi and Mike Dahlin and Allen Clement and Edmund Wong},
  booktitle={Proceedings of $21^{st}$ Symposium on Operating Systems Principles},
  pages={45-58},
  year={2007},
}

@article{GPD,
 author = {Hector Garcia Molina and Frank Pittelli and Susan Davidson},
 title = {{Applications of Byzantine Agreement in Database Systems}},
 journal = {ACM Transactions on Database Systems (TODS)},
 volume = {11},
 issue = {1},
 year = {1986},
 pages = {27-47},
 }
 
@conference{preguica2008byzantium,
  title={{Byzantium: Byzantine-Fault-Tolerant Database Replication Providing Snapshot Isolation}},
  author={Nuno Pregui{\c{c}}a and Rodrigo Rodrigues  and Christ\'{o}v\={a}o Honorato and Jo\={a}o Louren{\c{c}}o},
  booktitle={Proceedings of the Fourth Conference on Hot Topics in System Dependability},
  pages={9},
  year={2008},
  organization={USENIX Association}
}

@article{wei:sybildefender,
author = {Wei Wei  and Fengyuan Xu and Chiu C. Tan  and Qun Li},
title = {{SybilDefender: A Defense Mechanism for Sybil Attacks in Large Social Networks}},
journal = {IEEE Transactions on Parallel \& Distributed Systems},
volume = {24},
number = {12},
issn = {1045-9219},
year = {2013},
pages = {2492-2502},
}

@INPROCEEDINGS{john:soft, 
author={R. John and J. P. Cherian and J. J. Kizhakkethottam}, 
booktitle={Proc. of the Intl. Conference on Soft-Computing and Networks Security (ICSNS)}, 
title={{A Survey of Techniques to Prevent Sybil Attacks}}, 
year={2015}, 
pages={1-6}, 
}

@conference{zhao2007byzantine,
  title={{A Byzantine Fault Tolerant Distributed Commit Protocol}},
  author={Wenbing Zhao},
  booktitle={Proceedings of the $3^{rd}$ IEEE International Symposium on Dependable, Autonomic and Secure Computing},
  pages={37-46},
  year={2007},
}

@article{wensleysift,
  title={{SIFT: Design and Analysis of a Fault-Tolerant Computer for Aircraft Control}},
  author={John H. Wensley and Leslie Lamport and Jack Goldberg and Mark W. Green and Karl N. Levitt and Peter M. Melliar-Smith and Robert E. Shostak  and Charles B. Weinstock },
  journal={Tutorial: Hard Real-Time Systems},
  year = {1989},
 pages = {560-575},
}



@article{meyer2006performability,
  title={{Performability Evaluation of the SIFT Computer}},
  author={John F. Meyer and David Grover Furchtgott and L.T. Wu},
  journal={IEEE Transactions on Computers},
  volume={100},
  number={6},
  pages={501-509},
  year={2006},
}


@Misc{oceanweb,
 author = {Oceanstore},
  title = {{The Oceanstore Project}},
  note  = {http://oceanstore.cs.berkeley.edu}
}

@Misc{farsiteweb,
 author = {Farsite},
  title = {{The Farsite Project}},
  note  = {http://research.microsoft.com/farsite}
}

@inproceedings{clement-making,
 author = {Allen  Clement  and Edmund Wong  and Lorenzo Alvisi   and Mike Dahlin  and Mirco Marchetti},
 title = {{Making Byzantine Fault Tolerant Systems Tolerate Byzantine Faults}},
 booktitle = {Proceedings of the Sixth USENIX Symposium on Networked Systems Design and Implementation (NSDI)},
 year = {2009},
 pages = {153-168},
} 

@inproceedings{1529992,
 author = {Clement, Allen and Marchetti, Mirco and Wong, Edmund and Alvisi, Lorenzo and Dahlin, Mike},
 title = {{Byzantine Fault Tolerance: The Time is Now}},
 booktitle = {Proceedings of the Second Workshop on Large-Scale Distributed Systems and Middleware (LADIS)},
 year = {2008},
 pages = {1-4},
 }



@article{castro1998practical,
  title={{Practical Byzantine Fault Tolerance}},
  author={Miguel Castro  and Barbara Liskov},
  journal={Operating Systems Review},
  volume={33},
  pages={173--186},
  year={1998},
  publisher={ACM ASSOCIATION FOR COMPUTING MACHINERY}
}

@article{castro2002practical,
  title={{Practical Byzantine Fault Tolerance and Proactive Recovery}},
  author={Miguel Castro  and Barbara Liskov},
  journal={ACM Transactions on Computer Systems (TOCS)},
  volume={20},
  number={4},
  pages={398-461},
  year={2002},
}

@Misc{SINTRA,
 author = {SINTRA},
  title = {{Distributed Trust on the Internet}},
  note = {www.zurich.ibm.com /security /dti/}
}


@incollection{anderson2013measuring,
  title={{Measuring the Cost of Cybercrime}},
  author={Anderson, Ross and Barton, Chris and B{\"o}hme, Rainer and Clayton, Richard and Van Eeten, Michel JG and Levi, Michael and Moore, Tyler and Savage, Stefan},
  booktitle={The Economics of Information Security and Privacy},
  pages={265-300},
  year={2013},
  publisher={Springer}
}

@article{koblitz2015random,
  title={{The Random Oracle Model: A Twenty-Year Retrospective}},
  author={Koblitz, Neal and Menezes, Alfred J},
  journal={Designs, Codes and Cryptography},
  volume={77},
  number={2-3},
  pages={587--610},
  year={2015},
  publisher={Springer}
}

@inproceedings{canetti1997towards,
  title={{Towards Realizing Random Oracles: Hash Functions That Hide All Partial Information}},
  author={Canetti, Ran},
  booktitle={Proceedings of the Annual International Cryptology Conference},
  pages={455-469},
  year={1997},
  organization={Springer}
}

@inproceedings{bellare1993random,
  title={{Random Oracles are Practical: A Paradigm for Designing Efficient Protocols}},
  author={Bellare, Mihir and Rogaway, Phillip},
  booktitle={Proceedings of the 1st ACM Conference on Computer and Communications Security (CCS)},
  pages={62-73},
  year={1993},
}

@article{miller2014anonymous,
  title={{Anonymous Byzantine Consensus from Moderately-Hard Puzzles: A Model for Bitcoin}},
  author={Miller, Andrew and LaViola Jr, Joseph J},
  note = {\url{https://socrates1024.s3.amazonaws.com/consensus.pdf}},
  year={2014}
}



@article{walfish2010ddos,
  title={{DDoS Defense by Offense}},
  author={Walfish, Michael and Vutukuru, Mythili and Balakrishnan, Hari and Karger, David and Shenker, Scott},
  journal={ACM Transactions on Computer Systems (TOCS)},
  volume={28},
  number={1},
  pages={3},
  year={2010},
  publisher={ACM}
}


@inproceedings{wang:defending,
 author = {Wang, XiaoFeng and Reiter, Michael K.},
 title = {{Defending Against Denial-of-Service Attacks with Puzzle Auctions}},
 booktitle = {Proceedings of the 2003 IEEE Symposium on Security and Privacy},
 year = {2003}, 
 pages = {78},
} 

@INPROCEEDINGS{laurie-proof,
    author = {Ben Laurie and Richard Clayton},
    title = {{"Proof-of-Work" Proves Not to Work}},
    booktitle = {Proceedings of the $3^{rd}$ Annual Workshop on Economics and Information Security (WEIS)},
    year = {2004},
}

@INPROCEEDINGS{liu:proof,
  author = {Debin Liu and L. Jean Camp},
    title = {{Proof of Work Can Work}},
    booktitle = {Proceedings of the $5^{th}$ Workshop on the Economics of Information Security (WEIS)},
    year = {2006},
}


@inproceedings{green:reconstructing,
 author = {Green, Jeff and Juen, Joshua and Fatemieh, Omid and Shankesi, Ravinder and Jin, Dong and Gunter, Carl A.},
 title = {{Reconstructing Hash Reversal Based Proof of Work Schemes}},
 booktitle = {Proceedings of the 4th USENIX Conference on Large-scale Exploits and Emergent Threats (LEET)},
 year = {2011},
 location = {Boston, MA},
 pages = {10-10},
 }

@inproceedings{feng:design,
  title={{The Design and Implementation of Network Puzzles}},
  author={Wu-chang Feng and Ed Kaiser and Wu-chi Feng and Antoine Luu},
  booktitle={Proceedings of the  Annual Joint Conference of IEEE Computer and Communications Societies (INFOCOM)},
  pages={2372-2382},
  year={2005},
}


@Inbook{Rangasamy2012,
author="Rangasamy, Jothi
and Stebila, Douglas
and Kuppusamy, Lakshmi
and Boyd, Colin
and Gonzalez Nieto, Juan",
title="Efficient Modular Exponentiation-Based Puzzles for Denial-of-Service Protection",
bookTitle="Proceedings of the $14^{th}$ International Conference on Information Security and Cryptology (ICISC)",
year="2012",
publisher="Springer Berlin Heidelberg",
pages="319-331",
}

@inproceedings{karame:low,
 author = {Karame, Ghassan O. and \v{C}apkun, Srdjan},
 title = {{Low-Cost Client Puzzles Based on Modular Exponentiation}},
 booktitle = {Proceedings of the 15th European Conference on Research in Computer Security (ESORICS)},
 year = {2010},
 pages = {679-697},
}


@article{jerschow:modular,
 author = {Jerschow, Yves Igor and Mauve, Martin},
 title = {{Modular Square Root Puzzles: Design of Non-Parallelizable and Non-Interactive Client Puzzles}},
 journal = {Computers and Security },
 issue_date = {June, 2013},
 volume = {35},
 month = jun,
 year = {2013},
 pages = {25-36},
}

@inproceedings{martinovic:wireless,
 author = {Martinovic, Ivan and Zdarsky, Frank A. and Wilhelm, Matthias and Wegmann, Christian and Schmitt, Jens B.},
 title = {{Wireless Client Puzzles in IEEE 802.11 Networks: Security by Wireless}},
 booktitle = {Proceedings of the First ACM Conference on Wireless Network Security},
 series = {WiSec '08},
 year = {2008},
 isbn = {978-1-59593-814-5},
 location = {Alexandria, VA, USA},
 pages = {36-45},
}

@inproceedings{waters:new,
 author = {Waters, Brent and Juels, Ari and Halderman, Alex and Felten, Edward},
 title = {{New Client Puzzle Outsourcing Techniques for DoS Resistance}},
 booktitle = {Proceedings of the 11th ACM Conference on Computer and Communications Security (CCS)},
 year = {2004},
 pages = {246-256},
}

@inproceedings{kaiser:kapow,
 author = {Kaiser, Ed and Feng, Wu chang},
 title = {{Mod\_kaPoW: Mitigating DoS with Transparent Proof-of-Work}},
 booktitle = {Proceedings of the 2007 ACM CoNEXT Conference},
 year = {2007},
 isbn = {978-1-59593-770-4},
 location = {New York, New York},
 pages = {74:1-74:2},
 articleno = {74},
 }


@article{parno2007portcullis,
  title={{Portcullis: Protecting Connection Setup from Denial-of-Capability Attacks}},
  author={Parno, Bryan and Wendlandt, Dan and Shi, Elaine and Perrig, Adrian and Maggs, Bruce and Hu, Yih-Chun},
  journal={ACM SIGCOMM Computer Communication Review},
  volume={37},
  number={4},
  pages={289--300},
  year={2007},
  publisher={ACM}
}



@article{extance2015future,
  title={{The Future of Cryptocurrencies: Bitcoin and Beyond}},
  author={Extance, Andy},
  journal={Nature},
  volume={526},
  pages={21--23},
  year={2015}
}

@book{swan2015blockchain,
  title={Blockchain: Blueprint for a new economy},
  author={Swan, Melanie},
  year={2015},
  publisher={" O'Reilly Media, Inc."}
}

@misc{cryptoeprint:2015:521,
    author = {Sergey Gorbunov and Silvio Micali},
    title = {{Democoin: A Publicly Verifiable and Jointly Serviced Cryptocurrency}},
    howpublished = {Cryptology ePrint Archive, Report 2015/521},
    year = {2015},
    note = {\url{http://eprint.iacr.org/2015/521}},
}


@conference{ben1983another,
  title={{Another Advantage of Free Choice (Extended Abstract): Completely Asynchronous Agreement Protocols}},
  author={Michael Ben-Or},
  booktitle={Proceedings of the Second Annual ACM Symposium on Principles of Distributed Computing},
  pages={27-30},
  year={1983},
}


@inproceedings{KKKSS,
    author =       {Bruce Kapron and David Kempe and Valerie King and Jared Saia and Vishal Sanwalani},
    TITLE={{Fast Asynchronous Byzantine Agreement and Leader Election with Full Information}},
    BOOKTITLE={Proceedings of the Symposium on Discrete Algorithms (SODA)},
    PAGES={1038-1047},
    YEAR={2008}
}

@inproceedings{KSSV,
 author = {Valerie King  and Jared Saia and Vishal Sanwalani  and Erik Vee},
 title = {{Scalable Leader Election}},
 booktitle = {Proceedings of the $17^{th}$ Annual ACM-SIAM Symposium on Discrete Algorithm (SODA)},
 year = {2006},
 pages = {990-999},
}

@inproceedings{KSSV2,
    author={Valerie King and Jared Saia and Vishal Sanwalani and Erik Vee},
    TITLE={{Towards Secure and Scalable Computation in Peer-to-peer Networks}},
    BOOKTITLE={Proceedings of the $47^{th}$ Annual IEEE Symposium on Foundations of Computer Science (FOCS) },
    YEAR={2006},
    PAGES={87-98},
}

@inproceedings{LS,
  author =       {Scott Lewis and Jared Saia},
  title =        {{Scalable Byzantine Agreement}},
  booktitle =  {NIPS Workshop on Robust Communication Dynamics in Complex Networks},
  year =         {2003}
}

@article{daniICJournal17,
  title={{Interactive Communication with Unknown Noise Rate}},
  author={Dani, Varsha and Hayes, Tom and Movahedi, Mahnush and Saia, Jared and Young, Maxwell},
  journal={Information and computation},
  year={2017},
  publisher={Elsevier},
}

@inproceedings{aggarwal2016secure,
 author = {Aggarwal, Abhinav and Dani, Varsha and Hayes, Thomas and Saia, Jared},
 title = {{Secure One-Way Interactive Communication}},
 booktitle = {Proceedings of the 15th International Conference on Distributed Computing and Networking (ICDCN)},
 year = {2017}
}

@inproceedings{gilbert:sybilcast,
 author = {Seth Gilbert and Chaodong Zheng},
 title = {{SybilCast: Broadcast on the Open Airwaves}},
 booktitle = {Proceedings of the $25^{th}$ Annual ACM Symposium on Parallelism in Algorithms and Architectures (SPAA)},
 year = {2013},
 pages = {130-139},
 }

@inproceedings{sherr:veracity,
 author = {Sherr, Micah and Blaze, Matt and Loo, Boon Thau},
 title = {{Veracity: Practical Secure Network Coordinates via Vote-based Agreements}},
 booktitle = {Proceedings of the USENIX Annual Technical Conference},
 year = {2009},
 pages = {13 -13},
 }

@inproceedings{gilbert:who,
author ={Seth Gilbert and Calvin Newport and Chaodong Zheng},
title={{Who Are You? Secure Identities in Ad Hoc Networks}},
booktitle={Proceedings of the $28^{th}$ International Symposium on Distributed Computing (DISC)},
year={2014},
pages={227-242},
}

@inproceedings{monica:radio ,
author ={Diogo M\'{o}nica and  Loao Leitao and Lu\'{i}s Rodrigues and Carlos Ribeiro},
title={{On the Use of Radio Resource Tests in Wireless Ad-Hoc Networks}},
booktitle={Proceedings of the 3rd Workshop on Recent Advances on Intrusion-Tolerant Systems},
year={2009},
pages={F21-F26},
}



@inproceedings{BonneauMCNKF15,
  author = {Joseph Bonneau and Andrew Miller and Jeremy Clark and Arvind Narayanan and Joshua A. Kroll and Edward W. Felten},
  title  = {{SoK: Research Perspectives and Challenges for Bitcoin and Cryptocurrencies}},
  booktitle = {Proceedings of the {IEEE} Symposium on Security and Privacy (SP)},
  pages = {104-121},
  year  = {2015},
}

@proceedings{DBLP:conf/sp/2015,
  title     = {2015 {IEEE} Symposium on Security and Privacy, {SP} 2015, San Jose,
               CA, USA, May 17-21, 2015},
  publisher = {{IEEE} Computer Society},
  year      = {2015},
  url       = {http://ieeexplore.ieee.org/xpl/mostRecentIssue.jsp?punumber=7160813},
  isbn      = {978-1-4673-6949-7},
  timestamp = {Tue, 10 May 2016 13:48:00 +0200},
  biburl    = {http://dblp.uni-trier.de/rec/bib/conf/sp/2015},
  bibsource = {dblp computer science bibliography, http://dblp.org}
}

@inproceedings{dani:quorums,
 author = {Varsha Dani and Valerie King and Mahnush Movahedi and Jared Saia},
 title = {{Quorums Quicken Queries: Efficient Asynchronous Secure Multiparty Computation}},
 booktitle = {Proceedings of the 15th International Conference on Distributed Computing and Networking (ICDCN)},
 year = {2014},
 pages = {242-256},
}

@Article{Guardian-BC,
AUTHOR={Jamie Doward},
TITLE={{City Banks Plan to Hoard Bitcoins to Help Them Pay Cyber Ransoms}},
Journaltitle = {The Guardian},
note = {https://www.theguardian.com/technology/2016/oct/22/city-banks-plan-to-hoard-bitcoins-to-help-them-pay-cyber-ransoms},
Month={October},
YEAR={2016}
}

@Article{IBT-BC,
AUTHOR={Cuthbertson, Anthony},
TITLE={{Bitcoin Now Accepted by 100,000 Merchants Worldwide}},
Journaltitle = {International Business Times},
note = {www.ibtimes.co.uk/bitcoin- now-accepted-by-100000-merchants-worldwide-1486613},
Month = {February},
YEAR={2015}
}

@Article{IBT-BC2,
AUTHOR={Pablo Magro},
TITLE={{What Greece can learn from bitcoin adoption in Latin America
}},
Journaltitle = {International Business Times},
note = {www.ibtimes.co.uk/what-greece-can-learn-bitcoin-adoption-latin-america-1511183},
month={July},
day = 16,
YEAR={2015}
}


@Article{fortune,
AUTHOR={Robert Hackett},
Journaltitle = {Fortune},
TITLE={{Can This 22-year-old Coder Out-Bitcoin Bitcoin?}},
note = {\url{http://fortune.com/ethereum-blockchain-vitalik-buterin/}},
YEAR={2016},
}

@Article{economistBC,
AUTHOR={The Economist},
TITLE={{The Magic of Mining}},
note = {www.economist.com/news/business/21638124-minting-digital-currency-has-become-big-ruthlessly-competitive-business-magic},
YEAR={2015}
}

@Article{economistBC2,
AUTHOR={The Economist},
TITLE={{The Trust Machine}},
note = {www.economist.com/news/leaders/21677198-technology-behind-bitcoin-could-transform-how-economy-works-trust-machine},
YEAR={2015}
}

@inproceedings{dwork:pricing,
    author = {Cynthia Dwork and Moni Naor},
    title = {{Pricing via Processing or Combatting Junk Mail}},
    booktitle = {Proceedings of the $12^{th}$ Annual International Cryptology Conference on Advances in Cryptology},
    year = {1993}, 
    pages = {139-147},	
}

@inproceedings{gilbert:near,
 author = {Gilbert, Seth and King, Valerie and Pettie, Seth and Porat, Ely and Saia, Jared and Young, Maxwell},
 title = {{(Near) Optimal Resource-Competitive Broadcast with Jamming}},
 booktitle = {Proceedings of the $26^{th}$ ACM Symposium on Parallelism in Algorithms and Architectures (SPAA)},
 year = {2014},
 pages = {257-266},
}


@inproceedings{zamani2017torbricks,
  title={{TorBricks: Blocking-Resistant Tor Bridge Distribution}},
  author={Zamani, Mahdi and Saia, Jared and Crandall, Jedidiah},
  booktitle={International Symposium on Stabilization, Safety, and Security of Distributed Systems (SSS)},
  pages={426--440},
  year={2017},
  organization={Springer}
}



@inproceedings{bender:how,
 author = {Bender, Michael A. and Fineman, Jeremy T. and Gilbert, Seth and Young, Maxwell},
 title = {{How to Scale Exponential Backoff: Constant Throughput, Polylog Access Attempts, and Robustness}},
 booktitle = {Proceedings of the $27^{th}$ Annual ACM-SIAM Symposium on Discrete Algorithms (SODA)},
 year = {2016},
 pages = {636-654},
} 

@MISC{nakamoto:bitcoin,
    author = {Satoshi Nakamoto},
    title = {{Bitcoin: A Peer-to-Peer Electronic Cash System}},
    note = {\url{http://bitcoin.org/bitcoin.pdf}},
    year = {2008},
}

@misc{blockstack,
AUTHOR={Blockstack},
TITLE={{Blockstack: The New Decentralized Internet}},
note = {\url{https://blockstack.org/}},
YEAR={2017},
}

@misc{ethereum,
AUTHOR={Ethereum},
TITLE={{Ethereum: Blockchain App. Program}},
note = {\url{https://www.ethereum.org/}},
YEAR={2016},
}


@misc{chain2,
AUTHOR={Luke Parker},
TITLE={{Blockchain Tech Startup Chain Inc Hits the Wall Street Motherload}},
note = {http://bravenewcoin.com/news/blockchain-tech-startup-chain-inc-hits-the-wall-street-motherload/},
YEAR={2015},
}

@misc{chain1,
AUTHOR={Chain Core},
TITLE={{Chain Core}},
note = {\url{https://chain.com/}},
YEAR={2017},
}


@inproceedings{Gao:2010:DCS:1879141.1879147,
 author = {Gao, Hongyu and Hu, Jun and Wilson, Christo and Li, Zhichun and Chen, Yan and Zhao, Ben Y.},
 title = {{Detecting and Characterizing Social Spam Campaigns}},
 booktitle = {Proceedings of the 10th ACM SIGCOMM Conference on Internet Measurement (IMC)},
 year = {2010},
 isbn = {978-1-4503-0483-2},
 location = {Melbourne, Australia},
 pages = {35-47},
}
@inproceedings{Yang:2011:USN:2068816.2068841,
 author = {Yang, Zhi and Wilson, Christo and Wang, Xiao and Gao, Tingting and Zhao, Ben Y. and Dai, Yafei},
 title = {{Uncovering Social Network Sybils in the Wild}},
 booktitle = {Proceedings of the 2011 ACM SIGCOMM Conference on Internet Measurement Conference (IMC)},
 year = {2011},
 pages = {259-268},
 }

@inproceedings{Tran:2009:SOC:1558977.1558979,
 author = {Tran, Nguyen and Min, Bonan and Li, Jinyang and Subramanian, Lakshminarayanan},
 title = {{Sybil-Resilient Online Content Voting}},
 booktitle = {Proceedings of the 6th USENIX Symposium on Networked Systems Design and Implementation (NSDI)},
 year = {2009},
 location = {Boston, Massachusetts},
 pages = {15-28},
 }

@inproceedings{Jiang:2010:ULI:1879141.1879190,
 author = {Jiang, Jing and Wilson, Christo and Wang, Xiao and Huang, Peng and Sha, Wenpeng and Dai, Yafei and Zhao, Ben Y.},
 title = {{Understanding Latent Interactions in Online Social Networks}},
 booktitle = {Proceedings of the 10th ACM SIGCOMM Conference on Internet Measurement},
 series = {IMC '10},
 year = {2010},
 pages = {369-382},
}

@article{Bender:2015:RA:2818936.2818949,
 author = {Bender, Michael A. and Fineman, Jeremy T. and Movahedi, Mahnush and Saia, Jared and Dani, Varsha and Gilbert, Seth and Pettie, Seth and Young, Maxwell},
 title = {{Resource-Competitive Algorithms}},
 journal = {SIGACT News},
 issue_date = {September 2015},
 volume = {46},
 number = {3},
 month = sep,
 year = {2015},
 pages = {57-71},
 }

@inproceedings{dani:breaking,
 author = {Varsha Dani and Valerie King and Mahnush Movahedi and Jared Saia},
 title = {{Brief Announcement: Breaking the O(Nm) Bit Barrier, Secure Multiparty Computation with a Static Adversary}},
 booktitle = {Proceedings of the 2012 ACM Symposium on Principles of Distributed Computing},
 series = {PODC '12},
 year = {2012},
 pages = {227-228},
}


@article{willard:loglog,
 author = {Dan E. Willard},
 title = {{Log-logarithmic Selection Resolution Protocols in a Multiple Access Channel}},
 journal = {SIAM J. Comput.},
 issue_date = {May 1986},
 volume = {15},
 number = {2},
 month = may,
 year = {1986},
 pages = {468-477},
}

@article{chlebus:adversarial,
 author = {Bogdan S. Chlebus and Dariusz R.Kowalski  and Mariusz A. Rokicki},
 title = {{Adversarial Queuing on the Multiple Access Channel}},
 journal = {ACM Transactions on Algorithms},
 issue_date = {January 2012},
 volume = {8},
 number = {1},
 month = jan,
 year = {2012},
 pages = {5:1-5:31},
}

@ARTICLE{capetanakis:generalized, 
author={John I. Capetanakis}, 
journal={IEEE Transactions on Communications}, 
title={{Generalized TDMA: The Multi-Accessing Tree Protocol}}, 
year={1979}, 
month={Oct}, 
volume={27}, 
number={10}, 
pages={1476-1484}, 
}

@book{kurose:computer,
 author = {James F. Kurose and Keith Ross},
 title = {{Computer Networking: A Top-Down Approach Featuring the Internet}},
 year = {2002},
 isbn = {0201976994},
 edition = {2nd},
 publisher = {Addison-Wesley Longman Publishing Co., Inc.},
 address = {Boston, MA, USA},
} 

@misc{email:best-practices,
AUTHOR={Anthony M. Freed},
TITLE={{Documents List API Best Practices: Handling errors and exponential backoff}},
HOWPUBLISHED={http://googleappsdeveloper.blogspot.com/2011/12/documents-list-api-best-practices.html},
YEAR={2011},
}



@misc{amazon-aws,
AUTHOR={Amazon},
TITLE={{Amazon Web Service (AWS)}},
HOWPUBLISHED={\url{https://aws.amazon.com/}}
}

@misc{sha2,
AUTHOR={National Institute of Standards and Technology},
TITLE={{Secure Hash Standard (SHS)}},
HOWPUBLISHED={\url{http://nvlpubs.nist.gov/nistpubs/FIPS/NIST.FIPS.180-4.pdf}},
YEAR={2015},
}


@misc{google:best-practices,
AUTHOR={Google Apps Platform},
TITLE={{Google Documents List API version 3.0: Implementing Exponential Backoff}},
HOWPUBLISHED={\url{https://developers.google.com/google-apps/documents-list/?csw=1#implementing_exponential_backoff}},
YEAR={2011},
}


@misc{google:gcm,
AUTHOR={Google},
TITLE={{GCM (Google Cloud Messaging) Advanced Topics}},
HOWPUBLISHED={\url{http://developer.android.com/google/gcm/adv.html#retry}},
YEAR={2014},
}

@misc{amazon:error-retries,
AUTHOR={Amazon Web Services},
TITLE={{Error Retries and Exponential Backoff in AWS}},
HOWPUBLISHED={\url{http://docs.aws.amazon.com/general/latest/gr/api-retries.html}},
YEAR={2012},
}



@article{mondal:removing,
 author = {Amit Mondal and Aleksandar Kuzmanovic},
 title = {{Removing Exponential Backoff from TCP}},
 journal = {SIGCOMM Comput. Commun. Rev.},
 issue_date = {October 2008},
 volume = {38},
 number = {5},
 month = sep,
 year = {2008},
 pages = {17-28},
}

@inproceedings{jacobson:congestion,
 author = {Van Jacobson and Michael J. Karels},
 title = {{Congestion Avoidance and Control}},
 booktitle = {Symposium Proceedings on Communications Architectures and Protocols (SIGCOMM)},
 year = {1988},
 pages = {314-329},
 numpages = {16},
}

@ARTICLE{xiao:performance, 
author={Yang Xiao}, 
journal={Wireless Communications, IEEE Transactions on}, 
title={{Performance Analysis of Priority Schemes for IEEE 802.11 and IEEE 802.11e Wireless LANs}}, 
year={2005}, 
month={July}, 
volume={4}, 
number={4}, 
pages={1506-1515},
} 


@ARTICLE{haas:dual,
author={Zygmunt J. Haas and Jing Deng},
journal={Communications, IEEE Transactions on},
title={{Dual Busy Tone Multiple Access (DBTMA) - A Multiple Access Control Scheme for Ad Hoc Networks}},
year={2002},
month={Jun},
volume={50},
number={6},
pages={975-985}, 
}

@inproceedings{kushilevitz:computation,
 author = {Eyal Kushilevitz, Eyal and Yishay Mansour},
 title = {{Computation in Noisy Radio Networks}},
 booktitle = {Proceedings of the Ninth Annual ACM-SIAM Symposium on Discrete Algorithms (SODA)},
 year = {1998},
 pages = {236-243},
}

@inproceedings{wu:receiver,
 author = {Cheng-shong Wu and Victor O.K. Li},
 title = {{Receiver-Initiated Busy-tone Multiple Access in Packet Radio Networks}},
 booktitle = {Proceedings of the ACM Workshop on Frontiers in Computer Communications Technology},
 series = {SIGCOMM '87},
 year = {1988},
 isbn = {0-89791-245-4},
 location = {Stowe, Vermont, USA},
 pages = {336-342},
}

@book{mitzenmacher:probability,
    AUTHOR={Michael Mitzenmacher and Eli Upfal},
    TITLE={Probability and Computing: Randomized Algorithms and Probabilistic Analysis},
    PUBLISHER={Cambridge University Press},
    YEAR={2005},
}

@inproceedings{sha:mo,
 author = {Mo Sha and  Gregory Hackmann and Chenyang Lu},
 title = {{Energy-efficient Low Power Listening for Wireless Sensor Networks in Noisy Environments}},
 booktitle = {Proceedings of the $12^{th}$ International Conference on Information Processing in Sensor Networks (IPSN)},
 year = {2013},
 pages = {277-288},
}

@INPROCEEDINGS{ramachandran:impact,
author={Iyappan Ramachandran and Sumit Roy},
booktitle={IEEE Global Telecommunications Conference  (GLOBECOM)},
title={On the Impact of Clear Channel Assessment on MAC Performance},
year={2006},
pages={1-5},
}

@inproceedings{namboothiri:performance,
author={P. Gireesan  Namboothiri and  Krishna M. Sivalingam},
booktitle={IEEE 34th Conference on Local Computer Networks},
title={{Performance of a Multi-channel MAC Protocol Based on IEEE 802.15.4 Radio}},
year={2009},
pages={313-316},
}


@article{richa:competitive-j,
author = {Andrea Richa and Christian Scheideler and Stefan Schmid and Jin Zhang},
title = {{Competitive Throughput in Multi-Hop Wireless Networks Despite Adaptive Jamming}},
journal = {Distributed Computing},
volume = {26},
number = {3},
pages = {159-171},
year = {2013},
} 

@article{richa:efficient-j,
author = {Andrea Richa and Christian Scheideler and Stefan Schmid and Jin Zhang},
title = {{An Efficient and Fair MAC Protocol Robust to Reactive Interference.}},
journal = {IEEE/ACM Transactions on Networking},
volume = {21},
number = {1},
pages = {760-771},
year = {2013},
} 
 
@inproceedings{BenderFaHe05,
        Annote = {C42},
        Author = {Michael A. Bender and Martin Farach-Colton and Simai He and Bradley C. Kuszmaul and Charles E. Leiserson},
        Booktitle = {Proc.\ 17th Annual ACM Symposium on Parallelism in Algorithms and Architectures (SPAA)},
        Date-Modified = {2013-04-17 17:52:33 +0000},
        Pages = {325--332},
        Title = {Adversarial Contention Resolution for Simple Channels},
        Year = {2005}}



@article{ben_or_linial:ccf,
    AUTHOR={Michael Ben-Or and Nathan Linial},
    TITLE = {Collective Coin Flipping},
    JOURNAL={Advances in Computing Research},
    VOLUME={5},
    PAGES={91-116},
    YEAR={1989},
    }

@conference{kempe,
  title={{Maximizing the spread of influence through a social network}},
  author={Kempe, D. and Kleinberg, J. and Tardos, {\'E}.},
  booktitle={Proceedings of the $9^{th}$ ACM SIGKDD International Conference on Knowledge Discovery and Data Mining},
  pages={137--146},
  isbn={1581137370},
  year={2003},
  organization={ACM}
}


@article{ichimura:new,
author = {Akira Ichimura and Maiko Shigeno },
title = {{A New Parameter for a Broadcast Algorithm with Locally Bounded
Byzantine Faults}},
journal = {Information Processing Letters},
volume = {110},
number = {12-13},
pages = {514-517},
year = {2010},
} 

@misc{wikileaks,
	AUTHOR={Anthony M. Freed},
    	TITLE={{WikiLeaks Suffers a Second More Powerful DoS Attack}},
    	HOWPUBLISHED={https://www.infosecisland.com/blogview/9896-WikiLeaks-Suffers-a-Second-More-Powerful-DoS-Attack.html},
    	YEAR={2010},
}

@misc{anonymous,
	AUTHOR={BBC},
    	TITLE={{Anonymous Hacktivists Say Wikileaks War to Continue}},
    	HOWPUBLISHED={http://www.bbc.co.uk/news/technology-11935539},
    	YEAR={2010},
}

@InProceedings{aspnes:skip,
  author =   {James Aspnes and Gauri Shah},
  title =    {Skip Graphs},
  booktitle = {Fourteenth Annual ACM-SIAM Symposium on Discrete Algorithms (SODA)},
  pages =    {384-393},
  year =     {2003},
}

@inproceedings{HJSTW,
    AUTHOR={Nicholar Harvey and Michael Jones and Stefan Saroiu and Marvin Theimer and Alec Wolman},
    TITLE={SkipNet: A Scalable Overlay Network with Practical Locality Properties},
    BOOKTITLE={Fourth USENIX Symposium on Internet Technologies and Systems(USITS)},
    YEAR={2003},
}


@inproceedings{douceur02sybil,
    AUTHOR = {John Douceur},
    TITLE = {{The Sybil Attack}},
    BOOKTITLE = {Proceedings of the Second International Peer-to-Peer Symposium (IPTPS)},
    PAGES={251-260},
    YEAR = {2002},
}


@inproceedings{king:choosing,
    AUTHOR={Valerie King and Jared Saia},
    TITLE={{Choosing a Random Peer}},
    BOOKTITLE={Proceedings of the {$23^{rd}$ ACM Symposium on Principles of Distributed Computing (PODC)}},
    PAGES={125-130},
    YEAR={2004},
}

@techreport{bhandari2,
    AUTHOR={Vartika Bhandari and Nitin H. Vaidya},
    TITLE={{On Reliable Broadcast in a Radio Network: A Simplified Characterization}},
    INSTITUTION={CSL, UIUC},
    MONTH={May},
    YEAR={2005},
}




@inproceedings{malkhi_naor_ratajczak:viceroy,
    AUTHOR={Dahlia Malkhi and Moni Naor and David Ratajczak},
    TITLE={Viceroy: a Scalable and Dynamic Emulation of the Butterfly},
    BOOKTITLE={Proceedings of the $21^{st}$ ACM Symposium on Principles of Distributed Computing (PODC)},
    Pages={183-192},
    YEAR={2002},
}

@inproceedings{zatloukal_harvey:family,
    AUTHOR="Kevin C. Zatloukal and Nicholas J. A. Harvey ",
    TITLE={Family Trees: an Ordered Dictionary with Optimal Congestion, locality, degree, and search time},
    BOOKTITLE={$15^{th}$ Annual ACM-SIAM Symposium on Discrete algorithms (SODA)},
    Pages={308-317},
    YEAR={2004}
}

@article{naor:bit,
    AUTHOR={Moni Naor},
    TITLE={Bit Commitment Using Pseudo-Randomness},
    JOURNAL={Journal of Cryptology},
    VOLUME={4},
    PAGES={151-158},
    YEAR={2001},
}

@inproceedings{impagliazzo_kapron:logics,
    AUTHOR={Russell Impagliazzo and Bruce Kapron},
    TITLE={Logics for Reasoning about Cryptographic Constructions},
    BOOKTITLE={Proceedings Fourty-Fourth IEEE Symposium on Foundations of Computer Science (FOCS)},
    YEAR={2004},
}

@inproceedings{blum:coin,
    AUTHOR={Manuel Blum},
    TITLE={Coin Flipping by Telephone: A Protocol For Solving Impossible Problems},
    BOOOKTITLE={In Proceedings of the Twenty-Fourth IEEE Spring Computer Conference},
    YEAR={1982},
}

@article{shamir:how,
    AUTHOR={Adi Shamir},
    TITLE={How to Share a Secret},
    JOURNAL={Communications of the ACM (CACM)},
    VOLUME={22(11)},
    PAGES={612-613},
    YEAR={1979},
}

@inproceedings{alon:coin,
    AUTHOR={Noga Alon},
    TITLE={Coin-Flipping Games Immune Against Linear-Sized Coalition},
    BOOKTITLE={Proceedings of the Thirty-First IEEE Foundations of Computer Science (FOCS)},
    YEAR={1990},
}


@INPROCEEDINGS{harvey:skipnet,
    author = {Nicholas J. A. Harvey and Michael B. Jones and Stefan Saroiu and Marvin Theimer and Alec Wolman},
    title = {Skipnet: A scalable overlay network with practical locality properties},
    booktitle = {USENIX Symposium on Internet Technologies and Systems},
    year = {2003}
}


@article{saks:a_robust,
    AUTHOR={Michael Saks},
    TITLE={A Robust Noncryptographic Protocol for Collective Coin Flipping},
    JOURNAL={SIAM Journal on Discrete Mathematics},
    VOLUME={6},
    PAGES={240-244},
    YEAR={1989},
}

@inproceedings{stoica_etal:chord,
    AUTHOR={Ion Stoica and Robert Morris and David Karger and M. Frans Kaashoek and Hari Balakrishnan},
    TITLE={Chord: A Scalable Peer-to-peer Lookup Service for Internet Applications},
    BOOKTITLE={Conference on Applications, Technologies, Architectures, and Protocols for Computer Communications (SIGCOMM) },
    pages = {149-160},
    YEAR={2001},
}

@inproceedings{halevi_micali:practical,
    AUTHOR={Shai Halevi and Silvio Micali},
    TITLE={Practical and Provably-Secure Commitment Schemes from Collision-Free Hashing},
    BOOKTITLE={Proceedings of the Sixteenth Annual International Cryptology Conference on Advances in Cryptology},
    YEAR={1996} ,
}

@inproceedings{benor_canetti_goldreich:asynchronous,
    AUTHOR={Michael Ben-Or and Ran Canetti and Oded Goldreich},
    TITLE={Asynchronous Secure Computation},
    BOOKTITLE={Proceedings of the Twenty-Fifth ACM Symposium on the Theory of Computing (STOC)},
    pages = {52-61},
    YEAR={1993},
}

@phdthesis{canetti:studies,
    AUTHOR={Ran Canetti},
    TITLE={Studies in Secure Multiparty Computation and Applications: Thesis},
    SCHOOL={Weizmann Institiute of Science},
    YEAR={1995},
}

% Note: cannot find authors' first names!
@incollection{prabhu_srinathan_rangan:asynchronous,
    AUTHOR={B. Prabhu and K. Srinathan and C. Pandu Rangan},
    TITLE={Asynchronous Unconditionally Secure Computation: An Efficiency Improvement},
    BOOKTITLE={INDOCRYPT 2002, Lecture Notes in Computer Science},
    PUBLISHER={Springer-Verlag},
    YEAR={2002},
    VOLUME={2551},
    PAGES={93-107},
}

@incollection{srinathan_pandu_rangan:efficient,
    AUTHOR={K. Srinathan and C. Pandu Rangan},
    TITLE={Efficient Asynchronous Secure Multiparty Distributed Computation},
    BOOKTITLE={INDOCRYPT 2000, Lecture Notes in Computer Science},
    PUBLISHER={Springer-Verlag},
    YEAR={2000},
    VOLUME={1977},
    PAGES={117-129},
}

@misc{hirt_nielsen_przydatek:an_asynchronous,
    AUTHOR={Martin Hirt and Jesper Buus Nielsen and Bartosz Przydatek},
    TITLE={Asynchronous Multi-Party Computation with Quadratic Communication},
    HOWPUBLISHED={$35^{th}$ international colloquium on Automata, Languages and Programming (ICALP)},
    YEAR={2008},
}

 
@inproceedings{ICALP15,
  title={{Interactive Communication with Unknown Noise Rate}},
  author={Dani, Varsha and Movahedi, Mahnush and Saia, Jared and Young, Maxwell},
  booktitle={Proceedings of the Colloquium on Automata, Languages, and Programming (ICALP)},
  year={2015}
  }


@inproceedings{cachin_kursawe_lysyanskaya_strobl:asynchronous,
    AUTHOR={Christian Cachin and Klaus Kursawe and Anna Lysyanskaya and Reto Strobl},
    TITLE={{Asynchronous Verifiable Secret Sharing and Proactive Cryptosystems}},
    BOOKTITLE={Proceedings of the $9^{th}$ ACM Conference on Computer and Communications Security (CCS)},
    YEAR={2002},
    PAGES={88-97},
}

@article{sen:commensal,
 author = {Siddhartha Sen and Michael J. Freedman},
 title = {{Commensal Cuckoo: Secure Group Partitioning for Large-Scale Services}},
 journal = {ACM SIGOPS Operating Systems},
 volume = {46},
 number = {1},
 month = feb,
 year = {2012},
 pages = {33-39},
}


@inproceedings{saad:self-healing2,
 author = {George Saad and Jared Saia},
 title = {{Self-Healing Computation}},
 booktitle = {Proceedings of the International Symposium on Stabilization, Safety, and Security of Distributed Systems  (SSS)},
 year = {2014},
 pages = {195-210},
}

@inproceedings{HK,
    AUTHOR={Kristen Hildrum and John Kubiatowicz},
    TITLE={{Asymptotically Efficient Approaches to Fault-Tolerance in Peer-to-peer Networks}},
    BOOKTITLE={Proceedings of the 17th International Symposium on Distributed Computing},
    pages = {321-336},
    YEAR={2004},
}

@inproceedings{naor_wieder:a_simple,
    AUTHOR={Moni Naor and Udi Wieder},
    TITLE={{A Simple Fault Tolerant Distributed Hash Table}},
    BOOKTITLE={Proceedings of the Second International Workshop on Peer-to-Peer Systems (IPTPS)},
    pages = {88-97},
    YEAR={2003},
}

@inproceedings{goldreich_micali_wigderson:how,
    AUTHOR={Oded Goldreich and Silvio Micali and Avi Wigderson},
    TITLE={How to Play Any Mental Game - A Completeness Theorem for Protocols With Honest Majority},
    BOOKTITLE={Proceedings of the Nineteenth ACM Symposium on Theory of Computing (STOC)},
    YEAR={1987},
    PAGES={218-229},
}

@inproceedings{benor_goldwasser_wigderson:completeness,
    AUTHOR={Michael Ben-Or and Shafi Goldwasser and Avi Wigderson},
    TITLE={Completeness Theorems for Non-Cryptographic Fault-Tolerant Distributed Computing},
    BOOKTITLE={Proceedings of the Twentieth ACM Symposium on the Theory of Computing (STOC)},
    YEAR={1988},
    PAGES={1-10},
}

@inproceedings{chaum_crepeau_damgard:multiparty,
    AUTHOR={David Chaum and Claude Cr\'{e}peau and Ivan Damg\r{a}rd},
    TITLE={Multiparty Unconditionally Secure Protocols},
    BOOKTITLE={Proceedings of the Twentieth Annual ACM Symposium on Theory of Computing (STOC)},
    YEAR={1988},
    PAGES={11-19},
}

@inproceedings{yao:protocols,
    AUTHOR={Andrew Yao},
    TITLE={Protocols for Secure Computations},
    BOOKTITLE={Proceedings of the Twenty-Third IEEE Symposium on the Foundations of Computer Science (FOCS)},
    YEAR={1982},
    PAGES={160-164},
}

@inproceedings{benor_kelmer_ra\r{a}bin:asynchronous,
    AUTHOR={Michael Ben-Or and Boaz Kelmer and Tal Rabin},
    TITLE={Asynchronous Secure Computations with Optimal Resilience},
    BOOKTITLE={Proceedings of the Thirteenth Annual ACM Symposium on Principles of Distributed Computing (PODC)},
    YEAR={1994},
    PAGES={183-192},
}

@inproceedings{fiat_saia:censorship,
    AUTHOR={Amos Fiat and Jared Saia},
    TITLE={Censorship Resistant Peer-to-Peer Content Addressable Networks},
    BOOKTITLE={Proceedings of the Thirteenth ACM Symposium on Discrete Algorithms (SODA)},
    pages = {94-103},
    YEAR={2002},
}


@inproceedings{saia_fiat_gribble_karlin_saroiu:dynamically,
  AUTHOR={Jared Saia and Amos Fiat and Steve Gribble and Anna Karlin and Stefan Saroiu},
  TITLE={Dynamically fault-tolerant content addressable networks},
  BOOKTITLE={Proceedings of the First International Workshop on Peer-to-Peer Systems},
  YEAR={2002},
  ADDRESS={Cambridge, MA},
}

@inproceedings{kashoek_karger:koorde,
    AUTHOR={M. Frans Kashoek and David R. Karger},
    TITLE={Koorde: A Simple Degree-Optimal Distributed Hash Table},
    BOOKTITLE={Proceedings of the Second International Workshop on Peer-to-Peer Systems (IPTPS)},
    YEAR={2003},
    ADDRESS={Berkeley, CA},
}

@inproceedings{ratnasamy_shenker_stoica:routing,
    AUTHOR={Sylvia Ratnasamy and Scott Shenker and Ion Stoica},
    TITLE={Routing Algorithms for {DHT}s: Some Open Questions},
    BOOKTITLE={Proceedings of the First International Workshop on Peer-to-Peer Systems (IPTPS)},
    YEAR={2002},
    ADDRESS={Cambridge, MA},
}

@mastersthesis{cates:robust,
    AUTHOR={Josh Cates},
    TITLE={Robust and Efficient Data Management for a Distributed Hash Table},
    SCHOOL={Massachusetts Institute of Technology},
    YEAR={2003},
}

@book{motwani_raghavan:randomized,
    AUTHOR={Rajeev Motwani and Prbhakar Raghavan},
    TITLE={Randomized Algorithms},
    PUBLISHER={Cambridge University Press},
    YEAR={1995},
}

@book{damgard:lectures,
    EDITOR={Ivan Damg\r{a}rd},
    TITLE={Lectures on data security: modern cryptology in theory and practice},
    SERIES={Lecture Notes in Computer Science},
    PUBLISHER={Springer},
    YEAR={1999},
    VOLUME={1561},
}

@inproceedings{ratnasamy_francis_handley_karp_shenker:a_scalable,
    AUTHOR={Sylvia Ratnasamy and Paul Francis and Mark Handley and Richard Karp and Scott Shenker},
    TITLE={A Scalable Content-Addressable Network},
    BOOKTITLE={Conference on Applications, Technologies, Architectures, and Protocols for Computer Communications (SIGCOMM)},
    pages = {161-172},
    YEAR={2001},
}

@inproceedings{scheideler:how,
    AUTHOR={Christian Scheideler},
    TITLE={How to Spread Adversarial Nodes? Rotate!},
    BOOKTITLE={Proceedings of the Thirty-Seventh Annual ACM Symposium on Theory of Computing (STOC)},
    YEAR={2005},
}

@techreport{zhao_kubiatowicz_joseph:tapestry,
    AUTHOR={Ben Y. Zhao and John Kubiatowicz and Anthony D. Joseph},
    TITLE={Tapestry: An Infrastructure for Fault-Resilient Wide-Area Location and Routing},
    INSTITUTION={University of California at Berkeley Technical Report},
    NUMBER={UCB//CSD-01-1141},
    MONTH={April},
    YEAR={2001},
}

@inproceedings{rowstron_druschel:pastry,
    AUTHOR={Antony I. T. Rowstron and Peter Druschel},
    TITLE={Pastry: Scalable, Decentralized Object Location, and Routing for Large-Scale Peer-to-Peer Systems},
    BOOKTITLE={IFIP/ACM International Conference on Distributed Systems Platforms},
    YEAR={2001},
    PAGES={329-350},
}

@inproceedings{awerbuch_scheideler:group,
    AUTHOR={Baruch Awerbuch and Christian Scheideler},
    TITLE={{Group Spreading: A Protocol for Provably Secure Distributed Name Service}},
    BOOKTITLE={$31^{st}$ International Colloquium on Automata, Languages, and Programming (ICALP)},
    YEAR={2004},
    PAGES={183-195},
}

@INPROCEEDINGS{halo:kapadia,
    author = {Apu Kapadia and Nikos Triandopoulos},
    title = {{Halo: High-Assurance Locate for Distributed Hash Tables}},
    booktitle = {Proceedings of the Network and Distributed System Security Symposium (NDSS)},
    year = {2008},
}

@inproceedings{castro:secure,
    AUTHOR={Miguel Castro and Peter Druschel and Ayalvadi Ganesh and Antony Rowstron and Dan S. Wallach},
    TITLE={{Secure Routing for Structured Peer-to-Peer Overlay Networks}},
    BOOKTITLE={$5^{th}$ Usenix Symposium on Operating Systems Design and Implementation (OSDI)},
    YEAR={2002},
    PAGES={299-314},
}

@inproceedings{dabek:wide,
    AUTHOR={Frank Dabek and M. Frans Kaashoek and David Karger and Robert Morris and Ion Stoica},
    TITLE={Wide-area cooperative storage with \textsc{CFS} },
    BOOKTITLE={$18^{th}$ ACM Symposium on Operating Systems Principles (SOSP)},
    YEAR={2001},
    PAGES={202-215},
}

@inproceedings{baruch:robust,
    AUTHOR={Baruch Awerbuch and Christian Scheideler},
    TITLE={Robust Distributed Name Service},
    BOOKTITLE={International Workshop on Peer-to-Peer Systems (IPTPS)},
    YEAR={2004},
    PAGES={237-249},
}


@InProceedings{awerbuch:towards,
  author =   {Baruch Awerbuch and Christian Scheideler},
  title =    {{Towards a Scalable and Robust $\mathrm{DHT}$}},
  booktitle = {Proceedings of the 18th ACM Symposium on Parallelism in Algorithms and Architectures (SPAA)},
  pages =    {318-327},
  year =     {2006},
}

@InProceedings{fiat:making,
  author =   {Amos Fiat and Jared Saia and Maxwell Young},
  title =    {{Making Chord Robust to Byzantine Attacks}},
  booktitle = {Proceedings of the $13^{th}$ European Symposium on Algorithms (ESA)},
  pages =    {803-814},
  year =     {2005},
}

@InProceedings{gennaro:round,
  author =   {Rosario Gennaro and Yuval Ishai and Eyal Kushilevitz and Tal Rabin},
  title =    {The round complexity of verifiable secret sharing and secure multicast},
  booktitle = {Proceedings of the $33^{rd}$ ACM Symposium on Theory and Computing (STOC)},
  pages =    {580-589},
  year =     {2001},
}





@InProceedings{awerbuch:towards2,
author = {Baruch Awerbuch and Christian Scheideler},
title = {{Towards Scalable and Robust Overlay Networks}},
booktitle = {Proceedings of the $6^{th}$ International Workshop on Peer-to-Peer Systems (IPTPS)},
pages={n. pag.},
year = {2007},
}

@InProceedings{awerbuch:hyperring,
author = {Baruch Awerbuch and Christian Scheideler},
title = {The Hyperring: a Low-Congestion Deterministic Data Structure for Distributed Environments},
booktitle = {Fifteenth Annual ACM-SIAM Symposium on Discrete Algorithms (SODA)},
pages = {318-327},
year = {2004},
}


@article{saia:reducing,
    AUTHOR={Jared Saia and Maxwell Young},
    TITLE={{Reducing Communication Costs in Robust Peer-to-Peer Networks}},
    JOURNAL={Information Processing Letters},
    VOLUME={106(4)},
    PAGES={152-158},
    YEAR={2008},
}

@InProceedings{awerbuch:peertopeer,
  author = "Baruch Awerbuch and Christian Scheideler",
  title = "Peer-to-peer systems for Prefix Search",
  booktitle = "Proceedings of the Symposium on Principles of Distributed Computing (PODC)",
  pages={123-132},
  year = "2003",
}

@InProceedings{awerbuch:random,
author = "Baruch Awerbuch and Christian Scheideler",
  title = {{Robust Random Number Generation for Peer-to-peer Systems}},
  booktitle = "10th International Conference On Principles of Distributed Systems (OPODIS)",
  pages = {275-289},
  year = "2006",
}

@InProceedings{aspnes:load,
  author = "James Aspnes and Jonathan Kirsch and Arvind Krishnamurthy",
  title = "Load balancing and locality in range-queriable data structures",
  booktitle = "Proceedings of the Symposium on Principles of Distributed Computing (PODC)",
  pages = "115-124",
  year = "2004",
}

@article{harvey:deterministic,
    AUTHOR={Nicholas J. A. Harvey and J. Ian Munro},
    TITLE={Deterministic SkipNet},
    JOURNAL={Information Processing Letters},
    YEAR={2004},
    VOLUME={90(4)},
    PAGES={205-208},
}

@InProceedings{goodrich:rainbow,
author = "Michael T. Goodrich and Michael J. Nelson and Jonathan Z. Sun",
  title = "The rainbow skip graph: a fault-tolerant constant-degree distributed data structure",
  booktitle = "Seventeenth Annual ACM-SIAM Symposium on Discrete Algorithm (SODA)",
  pages = "384-393",
  year = "2006",
}

@article{gonzales:range,
    AUTHOR={Alejandra Gonz\'{a}lez-Beltr\'{a}n and Peter Milligan and Paul Sage},
    TITLE={Range Queries over Skip Tree Graphs},
    JOURNAL={Computer Communications},
    volume={31},
    PAGES={358-374},
    YEAR={2008},
}

@InProceedings{gonzales:skip,
author = "Alejandra Gonz\'{a}lez-Beltr\'{a}n and Peter Milligan and Paul Sage",
  title = "Skip Tree Graph: A Distributed and Balanced Search Tree for Peer-to-Peer Networks",
  booktitle = "IEEE International Conference on Communications (ICC)",
  pages = {1881-1886},
  year = "2007",
}

@InProceedings{crainiceanu:p_ring,
author = "Adina Crainiceanu and Prakash Linga and Ashwin Machanavajjhala and
Johannes Gehrke and Jayavel Shanmugasundaram",
  title = "\textsc{P}-\textsc{R}ing: An Efficient and Robust \textsc{P2P} Range Index Structure",
  booktitle = "ACM International conference on Management of Data (SIGMOD)",
  pages = {223-234},
  year = "2007",
}

@InProceedings{jagadish:baton,
    AUTHOR={H.V. Jagadish and Beng Chin Ooi and Quang Hieu Vu},
    TITLE={\textsc{BATON}: A Balanced Tree Structure for Peer-to-Peer Networks},
    booktitle={$31^{st}$ International conference on Very Large Data Bases (VLDB)},
    YEAR={2005},
    PAGES={661-672},
}

@article{akyildiz:wireless,
    AUTHOR={Ian F. Akyildiz and Weilian Su and Yogesh Sankarasubramaniam and Erdal Cayirci},
    TITLE={Wireless sensor networks: a survey},
    JOURNAL={Computer Networks},
    YEAR={2002},
    VOLUME={38},
    PAGES={393-422},
}

@misc{alert,
    AUTHOR={ALERT. http://www.alertsystems.org/},
    TITLE={},
    HOWPUBLISHED={},
    YEAR={},
}

@misc{terrorist,
    AUTHOR={John Cox},
    TITLE={{For Wwireless Sensor Nets, Reality Sets In}},
    HOWPUBLISHED={http://features.techworld.com/networking/1863/for-wireless-sensor-nets-reality-sets-in/},
    YEAR={2005},
}




@misc{armstrong:wakeup,
author = {Trevor Armstrong},
title = {Wake-up Based Power Management in Multi-hop Wireless Networks} ,
HOWPUBLISHED={Unpublished manuscript available at www.eecg.toronto.edu/~trevor/Wakeup/index.html},
}


@techreport{braynard:asynchronous,
    author = {Rebecca Braynard and Carla Ellis},
    title = {Asynchronous and Asymmetric Communication for Balancing Energy Consumption in Sensor Networks},
    INSTITUTION={Duke University},
    NUMBER={CS-2004-11},
    MONTH={December},
    YEAR={2004},
}


@InProceedings{feeney:investigating,
    author={Laura Marie Feeney and Martin Nilsson},
    title={Investigating the Energy Consumption of a Wireless Network Interface in an Ad Hoc Networking Environment},
    booktitle={INFOCOM},
    pages={1548-1557},
    year={2001},
}

@InProceedings{havinga:energy,
    author={Paul Havinga and Gerard Smit},
    title={Energy-efficient TDMA Medium Access Control Protocol Scheduling},
    booktitle={Asian International Mobile Computing Conference (AMOC 2000)},
    year={2000},
}

@InProceedings{hill:system,
    author={Jason Hill and Robert Szewczyk and Alec Woo and Seth Hollar and David E. Culler and Kristofer S. J. Pister},
    title={System Architecture Directions for Networked Sensors},
    booktitle={$9^{th}$ International Conference on Architectural Support for Programming Languages and Operating Systems (ASPLOS)},
    year={2000},
    PAGES={93-104},
}

@article{karlof,
    AUTHOR={Chris Karlof and David Wagner},
    TITLE={Secure Routing in Wireless Sensor Networks: Attacks and Countermeasures},
    JOURNAL={Ad Hoc Networks},
    YEAR={2003},
    VOLUME={1},
    PAGES={293-315},
}


@InProceedings{koo,
    author={Chiu-Yuen Koo},
    title={{Broadcast in Radio Networks Tolerating Byzantine Adversarial Behavior}},
    booktitle={Proceedings of the  ACM Symposium on Principles of Distributed Computing (PODC)},
    year={2004},
    PAGES={275-282},
}

@article{pease,
    AUTHOR={Marshall C. Pease and Robert E. Shostak and Leslie Lamport},
    TITLE={Reaching Agreement in the Presence of Faults},
    JOURNAL={Journal of the ACM},
    YEAR={1980},
    VOLUME={27(2)},
    PAGES={228-234},
}



@inproceedings{wang:realistic,
    author={Qin Wang and Mark Hempstead and Woodward Yang},
    title={{A Realistic Power Consumption Model for Wireless Sensor Network Devices}},
    booktitle={SECON},
    pages={286-295},
    year={2006},
}

@inproceedings{yao:probabilistic,
    author={Andrew Yao},
    title={Probabilistic Computations: Toward a Unified Measure of Complexity},
    booktitle={Eighteenth IEEE Symposium on Foundations of Computer Science},
    year={1977},
    PAGES={222-227},
}



@inproceedings{li:on,
    AUTHOR={Xiaozhou Li and Greg Plaxton},
    TITLE={On Name Resolution in Peer-to-Peer Networks},
    BOOKTITLE={Proceedings of the Second Workshop on Principles of Mobile Computing (POMC)},
    YEAR={2002},
    PAGES={82-89},
}


@article{castro:practical,
    AUTHOR={Miguel Castro and Barbara Liskov},
    TITLE={{Practical Byzantine Fault Tolerance and Proactive Recovery}},
    JOURNAL={ACM Transactions on Computer Systems},
    YEAR={2002},
    VOLUME={20(4)},
    PAGES={398-461},
}

@inproceedings{aspnes:worm,
    AUTHOR={James Aspnes and Navin Rustagi and Jared Saia},
    TITLE={Worm versus alert: Who wins in a battle for control of a large-scale network?},
    BOOKTITLE={Principles Of Distributed Systems (OPODIS)},
    Pages={443-456},
    YEAR={2007},
}

@inproceedings{baset:analysis,
    AUTHOR={Salman A. Baset and Henning Schulzrinne},
    TITLE={An Analysis of the Skype Peer-to-Peer Internet Telephony Protocol},
    BOOKTITLE={INFOCOM},
    Pages={1-11},
    YEAR={2006},
}


@article{gee:effect,
    AUTHOR={Felix Oberholzer-Gee and Koleman S. Strumpf },
    TITLE={The Effect of File Sharing on Record Sales: An Empirical Analysis},
    JOURNAL={Journal of Political Economy},
    YEAR={2007},
    VOLUME={115},
    PAGES={1-42},
}

@misc{adar:free,
    AUTHOR={Eytan Adar and Bernardo A. Huberman},
    TITLE={Free Riding on Gnutella},
    HOWPUBLISHED={http://www.hpl.hp.com/research /idl/papers/gnutella/gnutella.pdf},
    YEAR={2000},
}

@article{hughes:free,
    AUTHOR={Daniel Hughes and Geoff Coulson and James Walkerdine},
    TITLE={Free Riding on Gnutella Revisited: the Bell Tolls?},
    JOURNAL={IEEE Distributed Systems Online},
    YEAR={2005},
    VOLUME={6(6)},
}

@misc{bittorrent,
    AUTHOR={BitTorrent},
    TITLE={},
    HOWPUBLISHED={BitTorrent website http://www.bittorrent.com},
    YEAR={},
}

@inproceedings{andrade:influences,
    AUTHOR={Nazareno Andrade and Miranda Mowbray and Aliandro Lima and Gustavo Wagner and Matei Ripeanu},
    TITLE={Influences on cooperation in BitTorrent communities},
    BOOKTITLE={ACM SIGCOMM workshop on Economics of peer-to-peer systems},
    YEAR={2005},
    PAGES={111-115},
}

@inproceedings{lai:incentives,
    AUTHOR={Kevin Lai and Michal Feldman and Ion Stoica and John Chuang},
    TITLE={Incentives for Cooperation in Peer-to-Peer Networks},
    BOOKTITLE={ACM SIGCOMM Workshop on Economics of Peer-to-Peer Systems},
    YEAR={2003},
}


@inproceedings{ham:ara,
    AUTHOR={MyungJoo Ham and Gul Agha},
    TITLE={ARA: A Robust Audit to Prevent Free-Riding in \textsc{P2P} Networks},
    BOOKTITLE={$5^{th}$ IEEE International Conference on Peer-to-Peer Computing},
    YEAR={2005},
}

@misc{emule,
    AUTHOR={eMule},
    TITLE={},
    HOWPUBLISHED={eMule website:http://www.emule-project.net},
    YEAR={},
}

@inproceedings{locher:free,
    AUTHOR={Thomas Locher and Patrick Moor and Stefan Schmid1 and Roger Wattenhofer},
    TITLE={Free Riding in BitTorrent is Cheap},
    BOOKTITLE={Fifth Workshop on Hot Topics in Networks (HotNets-V)},
    YEAR={2005},
    PAGES={85-90},
}

@misc{netlimiter,
    AUTHOR={NetLimiter},
    TITLE={},
    HOWPUBLISHED={NetLimiter website:http://www.netlimiter.com/},
    YEAR={},
}

 


@inproceedings{liang:poison,
    AUTHOR={Jian Liang and Naoum Naoumov and Keith W. Ross},
    TITLE={The Index Poisoning Attack in \textsc{P2P} File Sharing Systems},
    BOOKTITLE={INFOCOM},
    YEAR={2006},
    PAGES={1-12},
}

@inproceedings{feldman:free,
    AUTHOR={Michal Feldman and Christos Papadimitriou and John Chuang},
    TITLE={Free-Riding and Whitewashing in Peer-to-Peer Systems},
    BOOKTITLE={ACM SIGCOMM workshop on Practice and theory of incentives in networked systems (PINS)},
    pages={228-236},
    YEAR={2004},
}

@article{mekouar:free,
    AUTHOR={Loubna Mekouar and Youssef Iraqi and Raouf Boutaba},
    TITLE={Peer-to-Peer's Most Wanted: Malicious Peers},
    JOURNAL={Computer Networks: The International Journal of Computer and Telecommunications Networking},
    YEAR={2006},
    VOLUME={50(4)},
    PAGES={545-562},
}



@inproceedings{danezis:sybil,
    AUTHOR={George Danezis and Chris Lesniewski-laas and M. Frans Kaashoek and Ross Anderson},
    TITLE={{Sybil-Resistant \textsc{DHT} Routing}},
    BOOKTITLE={Proceedings of the $10^{th}$ European Symposium On Research In Computer Security (ESORICS)},
    YEAR={2005},
    PAGES={305-318},
}

@inproceedings{bazzi:distinct,
    AUTHOR={Rida A Bazzi and Goran Konjevod},
    TITLE={{On the Establishment of Distinct Identities in Overlay Networks}},
    BOOKTITLE={Proceedings $24^{th}$ Annual ACM Symposium on Principles of Distributed Computing (PODC)},
    YEAR={2005},
    PAGES={312-320},
}


@inproceedings{dumitriu:denial,
    AUTHOR={Dan Dumitriu and Edward W. Knightly and Aleksandar Kuzmanovic and Ion Stoica and Willy Zwaenepoel},
    TITLE={Denial-of-Service Resilience in Peer-to-Peer File Sharing Systems},
    BOOKTITLE={International Conference on Measurements and Modeling of Computer Systems (SIGMETRICS)},
    YEAR={2005},
    PAGES={38-49},
}

@inproceedings{awerbuch:denial,
    AUTHOR={Baruch Awerbuch and Christian Scheideler},
    TITLE={A Denial-of-Service Resistant \textsc{DHT}},
    BOOKTITLE={$21^{st}$ International Symposium on Distributed Computing (DISC)},
    YEAR={2007},
    PAGES={38-49},
}


@inproceedings{backes:reliable,
    AUTHOR={Michael Backes and Christian Cachin},
    TITLE={Reliable Broadcast in a Computational Hybrid Model with \textsc{B}yzantine Faults, Crashes, and Recoveries},
    BOOKTITLE={International Conference on Dependable Systems and Networks (DSN)},
    YEAR={2003},
    PAGES={37-46},
}


@inproceedings{vaikuntanathan:reliable,
    AUTHOR={Vinod Vaikuntanathan},
    TITLE={{Brief announcement: Broadcast in Radio Networks in the Presence of \textsc{B}yzantine Adversaries}},
    BOOKTITLE={Proceedings of the  ACM Symposium on Principles of Distributed Computing (PODC)},
    YEAR={2005},
    PAGES={},
}

@inproceedings{clouser:tiara,
    AUTHOR={Thomas Clouser and Mikhail Nesterenko and Christian Scheideler},
    TITLE={ Tiara: A self-stabilizing deterministic skip list},
    BOOKTITLE={10th International Symposium on Stabilization, Safety and Security of Distributed Systems (SSS)},
    YEAR={2008},
    PAGES={},
}

@inproceedings{abraham:land,
    AUTHOR={Ittai Abraham and Dahlia Malkhi and Oren Dobzinski},
    TITLE={LAND: stretch $(1 + \epsilon)$ locality-aware networks for \textsc{DHT}s},
    BOOKTITLE={Fifteenth annual ACM-SIAM symposium on Discrete algorithms (SODA)},
    YEAR={2004},
    PAGES={550 - 559},
}

@INPROCEEDINGS{loguinov:graph,
    author = {Dmitri Loguinov and Anuj Kumar and Vivek Rai and Sai Ganesh},
    title = {Graph-Theoretic Analysis of Structured Peer-to-Peer Systems: Routing Distances and Fault Resilience},
    booktitle = {Proceedings of the 2003 Conference on Applications, Technologies, Architectures, and Protocols for Computer Communications (SIGCOMM)},
    year = {2003},
    pages = {395-406},
}

@INPROCEEDINGS{aberer:pgrid,
    author = {Karl Aberer},
    title = {\textsc{P}-\textsc{G}rid: A Self-Organizing Access Structure for \textsc{P2P} Information Systems},
    booktitle = {International Conference on Cooperative Information Systems},
    year = {2001},
    pages = {179-194},
}


@article{maymounkov:kademlia,
    author = {Petar Maymounkov and David Mazieres},
    title = {Kademlia: A peer-to-peer information system based on the xor metric},
    journal = {Lecture Notes in Computer Science},
    year = {2002},
    pages = {53-65},
}


@InProceedings{alon:frequency,
  author =   {Noga Alon and Yossi Matias and Mario Szegedy},
  title =    {The space complexity of approximating the frequency moments},
  booktitle = {$28^{th}$ Annual ACM Symposium on Theory of Computing (STOC)},
  pages = {20-29 },
  year =     {1996},
}

@InProceedings{bhandari,
  author =   {Vartika Bhandari and Nitin H. Vaidya},
  title =    {{On Reliable Broadcast in a Radio Network}},
  booktitle = {Proceedings of the ACM Symposium on Principles of Distributed Computing (PODC)},
  pages = {138-147},
  year =     {2005},
}


@InProceedings{koo2,
  author =   {Vartika Bhandhari and Jonathan Katz and Chiu-Yuen Koo and Nitin Vaidya},
  title =    {{Reliable Broadcast in Radio Networks: The Bounded Collision Case}},
  booktitle = {Proceedings of the ACM Symposium on Principles of Distributed Computing (PODC)},
  pages = {258 - 264},
  year =     {2006},
}

@InProceedings{chockler:consensus,
  author =   {Gregory Chockler and Murat Demirbas and Seth Gilbert and Calvin Newport and Tina Nolte},
  title =    {{Consensus and Collision Detectors in Wireless Ad Hoc Networks}},
  booktitle = {Proceedings of the  ACM Symposium on Principles of Distributed Computing (PODC)},
  pages = {197 - 206},
  year =     {2005},
}

@InProceedings{cormode:space,
  author =   {Graham Cormode and Flip Korn and S.~Muthukrishnan and Divesh Srivastava},
  title =    {Space- and time-efficient deterministic algorithms for biased quantiles over data streams},
  booktitle = {$25^{th}$ ACM SIGMOD-SIGACT-SIGART symposium on Principles of Database Systems},
  pages = {263 - 272 },
  year =     {2006}
}


@InProceedings{demaine:frequency,
  author =   {Eric Demaine and Alejandro L\'{o}pez-Ortiz and Ian Munro},
  title =    {Frequency estimation of internet packet streams with limited space},
  booktitle = {10th Annual European Symposium on Algorithms (ESA)},
  year =     {2002},
  pages = {348-360},
}


@InProceedings{gilbert:malicious,
  author =   {Seth Gilbert and Rachid Guerraoui and Calvin C. Newport},
  title =    {{Of Malicious Motes and Suspicious Sensors: On the Efficiency of Malicious Interference in Wireless Networks}},
  booktitle = {International Conference On Principles Of Distributed Systems (OPODIS)},
  year =     {2006},
  pages = {215-229},
}

@InProceedings{guha:approximate,
  author =   {Sudipto Guha and Andrew McGregor},
  title =    {Approximate quantiles and the order of the stream},
  booktitle = {ACM Symposium on Principles of Database Systems},
  year =     {2006},
  pages = {273-279}
}

@InProceedings{guha:lower,
  author =   {Sudipto Guha and Andrew McGregor},
  title =    {Lower bounds for quantile estimation in random-order and multi-pass streaming},
  booktitle = {$34^{th}$ International Colloquium on Automata, Languages and Programming},
  year =     {2007},
}

@techreport{henzinger,
    AUTHOR={Monika Henzinger and Prabhaker Raghavan and Sridar Rajagopalan},
    TITLE={Computing on data streams},
    INSTITUTION={Digital Systems Research Center},
    NUMBER={SRC-TN-1998-011},
    YEAR={1998},
}


@article{kranakis:fault,
    AUTHOR={Evangelos Kranakis and Danny Krizanc and Andrzej Pelc},
    TITLE = {Fault-Tolerant Broadcasting in Radio Networks},
    JOURNAL={Journal of Algorithms},


    YEAR={2001},
    VOLUME={39},
    NUMBER={1},
    PAGES={47-67},
    }

@article{munro,
    AUTHOR={Ian Munro and Mike Paterson},
    TITLE = {Selection and sorting with limited storage},
    JOURNAL={Theoretical Computer Science},
    YEAR={1980},
    PAGES={315-323},
    }

@book{muthu,
    AUTHOR={S.~Muthukrishnan},
    TITLE={Data Streams: Algorithms and Applications},
    PUBLISHER={Now Publishers Inc},
    YEAR={2005},
}

@article{pelc:broadcasting,
    AUTHOR={Andrzej Pelc and David Peleg},
    TITLE = {{Broadcasting with Locally Bounded Byzantine Faults}},
    JOURNAL={Information Processing Letters},
    YEAR={2005},
    VOLUME={93},
    NUMBER={3},
    PAGES={109-115},
    }

@article{saia,
    AUTHOR={Jared Saia and Maxwell Young},
    TITLE = {Reducing communication costs in robust peer-to-peer networks},
    JOURNAL={Information Processing Letters},
    YEAR={2008},
    VOLUME={106},
    NUMBER={4},
    PAGES={152-158},
    }

@InProceedings{king:sleeping,
  author =   {Valerie King and Cynthia Phillips and Jared Saia and Maxwell Young},
  title =    {{Sleeping on the Job: Energy-Efficient and Robust Broadcast for Radio Networks}},
  booktitle = {{Proceedings of the  ACM Symposium on Principles of Distributed Computing (PODC)}},
  year = {2008},
  pages = {243-252},
}


@article{king:sleeping_journal,
  author    = {Valerie King and
               Cynthia A. Phillips and
               Jared Saia and
               Maxwell Young},
  title     = {{Sleeping on the Job: Energy-Efficient and Robust Broadcast for Radio
               Networks}},
  journal   = {Algorithmica},
  volume    = {61},
  number    = {3},
  pages     = {518--554},
  year      = {2011},
  url       = {http://dx.doi.org/10.1007/s00453-010-9422-0},
  doi       = {10.1007/s00453-010-9422-0},
  timestamp = {Thu, 18 Aug 2011 13:17:01 +0200},
  biburl    = {http://dblp.uni-trier.de/rec/bib/journals/algorithmica/KingPSY11},
  bibsource = {dblp computer science bibliography, http://dblp.org}
}


@ARTICLE{pugh:skiplists,
    author = {William Pugh},
    title = {Skip lists: A probabilistic alternative to balanced trees},
    journal = {Communications of the ACM},
    year = {1990},
    volume = {33},
    pages = {668-676},
}

@inproceedings{karger:simple,
    AUTHOR={ David R. Karger and Matthias Ruhl},
    TITLE={Simple efficient load balancing algorithms for peer-to-peer systems},
    BOOKTITLE={Proceedings of the Sixteenth Annual ACM Symposium on Parallelism in Algorithms and Architectures (SPAA)},
    YEAR={2004},
    PAGES={36-43},
}


@ARTICLE{raman:censored,
    author = {Bhaskaran Raman and Kameswari Chebrolu},
    title = {{Censor Networks: A Critique of ``Sensor Networks'' from a Systems Perspective}},
    journal = {Computer Communication Review},
    year = {2008},
    volume = {38},
    pages = {75-78},
}


@inproceedings{kotz,
    AUTHOR={David Kotz and Calvin Newport and Robert S. Gray and Jason Liu and Yougu Yuan and Chip Elliott},
    TITLE={{Experimental Evaluation of Wireless Simulation Assumptions}},
    BOOKTITLE={Proceedings of the $7^{th}$ ACM International Symposium on Modeling, Analysis and Simulation of Wireless and Mobile Systems (MSWiM)},
    YEAR={2004},
    PAGES={78-82},
}

@inproceedings{anastasi,
    AUTHOR={Giuseppe Anastasi and  A. Falchi and Andrea Passarella and Marco Conti and Enrico Gregori},
    TITLE={{Performance Measurements of Motes Sensor Networks}},
    BOOKTITLE={Proceedings of the $7^{th}$ ACM International Symposium on Modeling, Analysis and Simulation of Wireless and Mobile Systems (MSWiM)},
    YEAR={2004},
    PAGES={174-181},
}


@inproceedings{zhang,
    AUTHOR={Xin Zhang and Stephen B. Wicker},
    TITLE={Robustness vs. Efficiency in Sensor Networks},
    BOOKTITLE={ISPN},
    pages={225-230},
    YEAR={2005},
}

@ARTICLE{li,
    author = {Qun Li and Daniela Rus},
    title = {Global Clock Synchronization in Sensor Networks},
    journal = {{IEEE Transactions on Computers}},
    year = {2006},
    volume = {55(2)},
    pages = {214-226},
}

@inproceedings{gilbert:interference,
    AUTHOR={Seth Gilbert and Rachid Guerraoui and Dariusz Kowalski and Calvin Newport},
    TITLE={{Interference-Resilient Information Exchange}},
    BOOKTITLE={INFOCOM},
    PAGES={2249-2257 },
    YEAR={2009},
}


@inproceedings{dolev:gossiping,
    AUTHOR={Shlomi Dolev and Seth Gilbert and Rachid Guerraoui and Calvin Newport},
    TITLE={{Gossiping in a Multi-channel Radio Network: An Oblivious Approach to Coping with Malicious Interference}},
    BOOKTITLE={Proceedings of the International Symposium on Distributed Computing (DISC)},
    pages={208-222},
    YEAR={2007},
}

@inproceedings{dolev:secure,
    AUTHOR={Shlomi Dolev and Seth Gilbert and Rachid Guerraoui and Calvin Newport},
    TITLE={{Secure Communication over Radio Channels}},
    BOOKTITLE={Proceedings of the Symposium on Principles of Distributed Computing (PODC)},
    PAGES={105-114},
    YEAR={2008},
}

@inproceedings{bertier:reliable,
    author={Marin Bertier and Anne-Marie Kermarrec and Guang Tan},
    title={{Brief Announcement: Reliable Broadcast Tolerating Byzantine Faults in a Message-Bounded Radio Network}},
    booktitle={Proceedings of the $22^{nd}$ International Symposium on Distributed Computing (DISC)},
    pages={516-517},
    year={2008},
}


@misc{nielsen:introduction,
    AUTHOR={Michael A. Nielsen},
    TITLE={Introduction to Expander Graphs},
    HOWPUBLISHED={\\http://www.qinfo.org/people/nielsen/blog/archive/notes/expander\_graphs.pdf},
    YEAR={2005},
}

@ARTICLE{hoory,
    author = {Shlomo Hoory and Nathan Linial and Avi Wigderson},
    title = {Expander graphs and their applications},
    journal = {Bulletin of the American Mathematical Society},
    year = {2006},
    volume = {43},
    pages = {439-561},
}

@ARTICLE{gillman:chernoff,
    author = {David Gillman},
    title = {A chernoff bound for random walks on expander graphs},
    journal = {SIAM Journal of Computing},
    year = {1998},
    volume = {27},
    pages = {680-691}
}

@article{young:towards,
 author = {Maxwell Young   and Aniket Kate   and Ian Goldberg   and Martin Karsten},
 title = {{Towards Practical Communication in Byzantine-Resistant DHTs}},
 journal = {IEEE/ACM Transactions on  Networking},
 volume = {21},
 number = {1},
 month = feb,
 year = {2013},
 pages = {190-203},
} 


@inproceedings{saad:self-healing,
 author = {Jeffrey Knockel and George Saad and Jared Saia},
 title = {{Self-Healing of Byzantine Faults}},
 booktitle = {Proceedings  of the International Symposium on Stabilization, Safety, and Security of Distributed Systems  (SSS)},
 year = {2013},
 pages = {98-112},
}


@inproceedings{naor:novel,
    author = {Moni Naor and Udi Wieder},
    title = {{Novel Architectures for \textsc{P2P} Applications: The Continuous-Discrete Approach}},
    booktitle={Fifteenth ACM Symposium on Parallelism in Algorithms and Architectures (SPAA)},
    year = {2003}
}

@inproceedings{aspnes:expansion,
    author = {James Aspnes and Udi Wieder},
    title = {The Expansion and Mixing Time of Skip Graphs},
    booktitle={Symposium on Parallelism in Algorithms and Architectures (SPAA)},
    year = {2005},
    pages={126-134},
}

@ARTICLE{wang,
    author = {Lan Wang and Yang Xiao},
    title = {A survey of energy-efficient scheduling mechanisms in sensor networks},
    journal = {Mobile Networks and Applications},
    year = 2006,
    volume = 11,
    pages = {723-740},
}


@inproceedings{awerbuch:jamming,
    author = {Baruch Awerbuch and Andrea Richa and Christian Scheideler},
    title = {{A Jamming-Resistant \textsc{MAC} Protocol for Single-Hop Wireless Networks}},
    booktitle={Proceedings of the 27th ACM Symposium on Principles of Distributed Computing (PODC)},
    pages={45-54},
    year = {2008},
}
 



@inproceedings{chockler:reconciling,
    author = {Gregory Chockler and Murat Demirbas and Seth Gilbert and Nancy Lynch and Calvin Newport and Tina Nolte},
    title = {{Reconciling the Theory and Practice of (Un)Reliable Wireless Broadcast}},
    booktitle={ICDCS Workshops},
    year = {2005},
    pages={42-48},
}


@inproceedings{wallach:survey,
    author = {Dan Wallach},
    title = {A Survey of Peer-to-Peer Security Issues},
    booktitle={International Symposium on Software Security (ISSS)},
    year = {2002},
    pages={42-57},
}

@inproceedings{liskov:tolerating,
    author = {Barbara Liskov and Rodrigo Rodrigues},
    title = {Tolerating Byzantine Faulty Clients in a Quorum System},
    booktitle={$26^{th}$International Conference on Distributed Computing Systems (ICDCS) },
    year = {2006},
    pages={34-34},
}

@inproceedings{wester:tolerating,
    author = {Benjamin Wester and James Cowling and Edmund B. Nightingale and Peter M. Chen and Jason Flinn and Barbara Liskov},
    title = {Tolerating latency in replicated state machines through client speculation},
    booktitle={$6^{th}$ USENIX Symposium on Networked Systems Design and Implementation},
    year = {2009},
    pages={245-260},
}

@inproceedings{rodrigues:large,
    author = {Rodrigo Rodrigues and Petr Kouznetsov andBobby Bhattacharjee},
    title = {{Large-Scale Byzantine Fault Tolerance: Safe but Not Always Live}},
    booktitle={$3^{rd}$ workshop on on Hot Topics in System Dependability},
    year = {2007},
    pages={},
}

@inproceedings{castro:byzantine,
    author = {Miguel Castro and Barbara Liskov},
    title = {{Byzantine Fault Tolerance Can Be Fast}},
    booktitle={International Conference on Dependable Systems and Networks},
    year = {2001},
    pages={513-518},
}

@inproceedings{rodrigues:design,
    author = {Rodrigo Rodrigues and Barbara Liskov and Liuba Shrira},
    title = {{The Design of a Robust Peer-to-Peer System}},
    booktitle={$10^{th}$ workshop on ACM SIGOPS European workshop},
    pages={2002},
}

@inproceedings{li:beyond,
    author = {Jinyuan Li and David Mazi{\`{e}}res},
    title = {Beyond One-third Faulty Replicas in Byzantine Fault Tolerant Systems},
    booktitle={$4^{th}$ USENIX Symposium on Networked Systems Design and Implementation},
    year = {2007},
    pages={131-144},
}

@inproceedings{reiter:rampart,
    author = {Michael K. Reiter},
    title = {{The Rampart Toolkit for Building High-Integrity Services}},
    booktitle={International Workshop on Theory and Practice in Distributed Systems},
    year = {1995},
    pages={99-110},
}

@article{schneider:implementing,
    author = {Fred B. Schneider},
    title = {Implementing Fault-Tolerant Services Using the State Machine Approach: A Tutorial},
    journal={ACM Computing Surveys},
    volume={22(4)},
    pages={299-319},
    year={1990},
}


@inproceedings{adya:farsite,
    author = {Atul Adya and William J. Bolosky and Miguel Castro and Gerald Cermak and Ronnie Chaiken and John R. Douceur and Jon Howell and Jacob R. Lorch and Marvin Theimer and Roger P. Wattenhofer},
    title = {{\textsc{FARSITE}: Federated, Available, and Reliable Storage for Incompletely Trusted Environment}},
    booktitle={$5^{th}$ \textsc{USENIX} Symposium on Operating Systems Design and Implementation (OSDI)},
    year = {2002},
    pages={1-14},
}

@article{malkhi:byzantine,
    author = {Dahlia Malkhi and Michael Reiter},
    title = {{Byzantine Quorum Systems}},
    journal={Journal of Distributed Computing},
    volume={11(4)},
    pages={203-213},
    year = {1998},
}

@inproceedings{malek:qu,
    author = {Michael Abd-El-Malek and Gregory R. Ganger and Garth R. Goodson and Michael K. Reiter and Jay J. Wylie},
    title = {{Fault-Scalable Byzantine Fault-Tolerant Services}},
    booktitle={$20^{th}$ ACM Symposium on Operating Systems Principles (SOSP)},
    year = {2005},
    pages={59-74},
}


@inproceedings{kubiatowicz:oceanstore,
    author = {John Kubiatowicz and David Bindel and Yan Chen and
                  Steven Czerwinski and Patrick Eaton and Dennis Geels and
                  Ramakrishna Gummadi and Sean Rhea and Hakim Weatherspoon,
                  Westley Weimer and Chris Wells and Ben Zhao},
    title = {{OceanStore: An Architecture for Global-Scale Persistent Storage}},
    booktitle={$9^{th}$ International Conference on Architectural
                  Support for Programming Languages and Operating
                  Systems (ASPLOS) },
    year = {2000},
    pages={},
}


@TECHREPORT{rodrigues:rosebud,
    author = {Rodrigo Rodrigues and Barbara Liskov},
    title = {{Rosebud: A Scalable Byzantine-Fault-Tolerant Storage Architecture}},
    institution = {MIT LCS},
    number={TR/932},
    month={December},
    year = {2003},
}


@inproceedings{cachin:secure,
    author = {Christian Cachin and Jonathan A. Poritz},
    title = {{Secure Intrusion-Tolerant Replication on the Internet}},
    booktitle={Proceedings of the International Conference on Dependable Systems and
                  Networks (DSN)},
    year = {2002},
    pages={167-176},
}

@article{pathak:byzantine,
    author = {Vivek Pathak and Liviu Iftode},
    title = {Byzantine Fault Tolerant Public Key Authentication in Peer-to-Peer Systems},
    journal={Computer Networks, Special issue on Management in Peer-to-Peer Systems: Trust, Reputation and Security},
    volume={50(4)},
    year = {2006},
    pages={579-596},
}


@inproceedings{douceur:byzantine,
    author = {John R. Douceur and Jon Howell},
    title = {Byzantine Fault Isolation in the Farsite Distributed File System},
    booktitle={$5^{th}$ International Workshop on Peer-to-Peer Systems, Santa Barbara, CA},
    year = {2006},
    pages={},
}

@inproceedings{johansen:fireflies,
    author = {H\.{a}vard Johansen and André Allavena and Robbert van Renesse},
    title = {{Fireflies: Scalable Support for Intrusion-Tolerant Network Overlays}},
    booktitle={ACM SIGOPS Operating Systems Review},
    year = {2006},
    pages={3-13},
}

@inproceedings{bortnikov:brahms,
    author = {Edward Bortnikov and Maxim Gurevich and Idit Keidar and Gabriel Kliot and Alexander Shraer},
    title = {{Brahms: Byzantine Resilient Random Membership Sampling}},
    booktitle={Proceedings of the $27^{th}$ ACM Symposium on Principles of Distributed Computing (PODC)},
    year = {2008},
    pages={145-154},
}

@inproceedings{gupta:one,
    author = {Anjali Gupta and Barbara Liskov and Rodrigo Rodrigues},
    title = {One hop lookups for peer-to-peer overlays},
    booktitle={$9^{th}$ conference on Hot Topics in Operating Systems},
    year = 2003,
    pages={2-2},
}

@Misc{peersim,
  author = {M{\'a}rk Jelasity and Alberto Montresor and Gian~Paolo Jesi and Spyros Voulgaris},
  title = {The {Peersim} Simulator},
  note = {{\tt http://peersim.sf.net}}
}

@inproceedings{steiner:global,
    author = {Moritz Steiner and Taoufik En-Najjary and Ernst W. Biersack},
    title = {{A Global View of \textsc{KAD}}},
    booktitle={$7^{th}$ ACM SIGCOMM Conference on Internet Measurement},
    year = {2007},
    pages={117 - 122},
}

@inproceedings{falkner:profiling,
    author = {Jarret Falkner and Michael Piatek and John P. John and Arvind Krishnamurthy and Thomas Anderson},
    title = {{Profiling a Million User \textsc{DHT}}},
    booktitle={$7^{th}$ ACM SIGCOMM Conference on Internet Measurement},
    year = {2007},
    pages={129-134},
}

@inproceedings{zhou:impact,
    author = {Gang Zhou and Tian He and Sudha Krishnamurthy and John A. Stankovic},
    title = {Impact of radio irregularity on wireless sensor networks},
    booktitle={$2^{nd}$ international conference on Mobile systems, applications, and services},
    year = {2004},
    pages={125-138},
}
	
@inproceedings{walfish:ddos,
    author = {Michael Walfish and Mythili Vutukuru and Hari Balakrishnan and David Karger and Scott Shenker},
    title = {{DDoS Defense by Offense}},
    booktitle={Proceedings of the 2006 Conference on Applications, Technologies, Architectures, and Protocols for Computer Communications (SIGCOMM)},
    year = {2006},
    pages={303-314},
}

@inproceedings{bhandari:probabilistic,
    author = {Vartika Bhandari and Nitin H. Vaidya},
    title = {{Reliable Broadcast in Wireless Networks with Probabilistic Failures}},
    booktitle={INFOCOM},
    year = {2007},
    pages={715-723},
}


@inproceedings{pelc:feasibility,
    author = {Andrzej Pelc and David Peleg},
    title = {{Feasibility and Complexity of Broadcasting with Random Transmission Failures}},
    booktitle={Proceedings of the  ACM Symposium on Principles of Distributed Computing (PODC)},
    year = {2005},
    pages={334-341},
}

@article{wood:denial,
    author = {Anthony D. Wood and John A. Stankovic},
    title = {{Denial of Service in Sensor Networks}},
    journal={Computer},
    volume={35},
    number={10},
    year = {2002},
    pages={54-62},
}

@article{xu:jamming,
    author = {Wenyuan Xu and Ke Ma and Wade Trappe and Yanyong Zhang},
    title = {{Jamming Sensor Networks: Attack and Defense Strategies}},
    journal={\textsc{IEEE} Networks},
    volume={20},
    number={3},
    year = {2006},
    pages={41-47},
}

@inproceedings{li:optimal,
    author = {Mingyan Li and Iordanis Koutsopoulos and Radha Poovendran },
    title = {{Optimal Jamming Attacks and Network Defense Policies in Wireless Sensor Networks}},
    booktitle={Proceedings of the International Conference on Computer Communications (INFOCOM)},
    year = {2007},
    pages={1307-1315},
}




@article{lesk:estonia,
    author = {Michael Lesk},
    title = {{The New Front Line: Estonia under Cyberassault}},
    journal={\textsc{IEEE} Security and Privacy},
    volume={5},
    number={6},
    year = {2007},
    pages={76-79},
}


@inproceedings{franklin:inquiry,
    author = {Jason Franklin and Vern Paxson and Adrian Perrig and Stefan Savage},
    title = {{An Inquiry into the Nature and Causes of the Wealth of Internet Miscreants}},
    booktitle={{Proceedings of the $14^{\mbox{th}}$ ACM Conference on Computer and Communications Security}},
    year = {2007},
    pages={375-388},
}

@Misc{prolexic,
  title = {{Prolexic Technologies, Inc.}},
  note = {{http://www.prolexic.com}}
}


@inproceedings{morein:using,
    author = {William G. Morein and Angelos Stavrou and Debra L. Cook and Angelos D. Keromytis and Vishal Misra and Dan Rubenstein},
    title = {{Using Graphic Turing Tests to Counter Automated DDoS Attacks against Web Servers}},
    booktitle = {{$10^{\mbox{th}}$ ACM International Conference on Computer and Communications Security}},
    year = {2003},
    pages = {8-19},
}

@inproceedings{gligor:guaranteeing,
    author = {Virgil D. Gligor},
    title = {{Guaranteeing Access in Spite of Distributed Service-Flooding Attacks}},
    booktitle = {Security Protocols Workshop},
    year = {2003},
}


@inproceedings{aura-dos,
    author = {Tuomas Aura and Pekka Nikander and Jussipekka Leiwo},
    title = {{DOS-resistant Authentication with Client Puzzles}},
    booktitle = {Proceedings of the $8^{\mbox{th}}$ International Workshop on Security Protocols},
    year = {2000},
    pages = {170-177},
}

@inproceedings{juels:dos,
    author = {Ari Juels and John Brainard},
    title = {{Client Puzzles: A Cryptographic Countermeasure Against Connection Depletion Attacks}},
    booktitle = {Networks and Distributed Security Systems (NDSS)},
    year = {1999},
    pages = {151-165},
}


@inproceedings{bellardo:802,
    author = {John Bellardo and Stefan Savage},
    title = {{802.11 Denial-of-Service Attacks: Real Vulnerabilities and Practical Solutions}},
    booktitle = {{$12^{\mbox{th}}$ Conference on USENIX Security Symposium}},
    year = {2003},
    pages = {2-2},
}

@article{mirkovic;taxonomy,
    author = {Jelena Mirkovic and Peter Reiher},
    title = {{A Taxonomy of DDoS Attack and DDoS Defense Mechanisms}},
    journal = {{ACM SIGCOMM Computer Communication Review}},
    volume={34},
    number={2},
    year = {2004},
    pages = {39-53},
}

@article{garber:denial,
    author = {Lee Garber},
    title = {{Denial-of-Service Attacks Rip the Internet}},
    journal = {{Computer}},
    volume={33},
    number={4},
    year = {2000},
    pages = {12-17},
}

@inproceedings{hussain:framework,
    author = {Alefiya Hussain and John Heidemann and Christos Papadopoulos},
    title = {{A Framework for Classifying Denial of Service Attacks}},
    booktitle = {{2003 Conference on Applications, Technologies, Architectures, and Protocols for Computer Communications (SIGCOMM)}},
    year = {2003},
    pages = {99-110},
}




@inproceedings{niculescu:interference,
    author = {Drago\c{s} Niculescu},
    title = {{Interference Map for 802.11 Networks}},
    booktitle = {{Internet Measurement Comference (IMC)}},
    year = {2007},
    pages = {339-350},
}



@inproceedings{palchaudhuri:birthday,
    author = {Santashil PalChaudhuri and David B. Johnson},
    title = {{Birthday Paradox for Energy Conservation in Sensor Networks}},
    booktitle = {{Proceedings of the 5th Symposium of Operating Systems Design
    and Implementation}},
    year = {2002},
    pages = { },
}

@inproceedings{bradonjic:near,
    author = {Milan Bradonjic and Eddie Kohler and Rafail Ostrovsky},
    title = {{Near-Optimal Radio Use for Wireless Network Synchronization}},
    booktitle = {{ALGOSENSORS}},
    year = {2009},
    pages = {15-28},
}

@inproceedings{moscibroda:analyzing,
    author = {Thomas Moscibroda and Pascal von Rickenbach and Roger Wattenhofer},
    title = {{Analyzing the Energy-Latency Trade-Off During the Deployment of Sensor Networks}},
    booktitle = {{INFOCOM}},
    year = {2006},
    pages = { },
}

@inproceedings{mcglynn:birthday,
    author = {Michael J. McGlynn and Steven A. Borbash},
    title = {{Birthday Protocols for Low Energy Deployment and Flexible Neighbor Discovery in Ad Hoc Wireless Networks}},
    booktitle = {{Proceedings of the $2^{nd}$ ACM International Symposium on Mobile Ad Hoc Networking and Computing}},
    year = {2001},
    pages = {137-145},
}

@inproceedings{xu:feasibility,
    author = {Wenyuan Xu and Wade Trappe and Yanyong Zhang and Timothy Wood},
    title = {{The Feasibility of Launching and Detecting Jamming Attacks in Wireless Networks}},
    booktitle = {MobiHoc},
    year = {2005},
    pages = {46-57},
}




 @INBOOK{walters:security,
    author={John Paul Walters and Zhengqiang Liang and Weisong Shi and Vipin Chaudhary},
    editor={Yang Xiao},
    title={{Security in Distributed, Grid, Mobile, and Pervasive Computing. Chapter 17: Wireless Sensor Network Security: A Survey}},
    pages={},
    publisher={{Auerbach Publications}},
    year={2007},
    }




@INBOOK{poisel:modern,
    author={Richard A. Poisel},
    editor={ },
    title={{Modern Communications Jamming Principles and Techniques}},
    chapter={{6}},
    pages={},
    publisher={{Artech House Publishers}},
    year={2003},
    }

@techreport{negi:jamming,
    author = {Rohit Negi and Adrian Perrig},
    title = {{Jamming Analysis of MAC Protocols}},
    institution={{Carnegie Mellon University}},
    year={2003},
}

@inproceedings{wei:link,
    author = {Yee Wei and Law Pieter and Hartel Jerry den Hartog and Paul Havinga},
    title = {{Link-layer Jamming Attacks on S-MAC}},
    booktitle = {{EWSN}},
    year = {2005},
    pages = {217-225},
}



@inproceedings{wei:energy,
    author = {Yee Wei  and Law Pieter  and H. J. \mbox{den Hartog} and  Paul Havinga},
    title = {{Energy-Efficient Link-Layer Jamming Attacks Against Wireless Sensor Network MAC Protocols}},
    booktitle = {SASN},
    year = {2005},
    pages = {76-88},
}


@inproceedings{brown:jamming,
    author = {Timothy Brown and Jesse James and Amita Sethi},
    title = {{Jamming and Sensing of Encrypted Wireless Ad Hoc Networks}},
    booktitle = {{Proceedings of the $7^{th}$ ACM International Symposium on Mobile Ad Hoc Networking and Computing}},
    year = {2006},
    pages = {120-130},
}


@article{gasieniec:time,
    author = {Leszek Gasieniec and Erez Kantor and Dariusz~R. Kowalski
    and David Peleg and Chang Su},
    title = {{Time Efficient $k$-Shot Broadcasting in Known Topology Radio
    Networks}},
    journal = {{Distributed Computing}},
    volume={21},
    number={2},
    year = {2008},
    pages = {117-127},
}

@inproceedings{navda:using,
    author = {Vishnu Navda and Aniruddha Bohra and Samrat Ganguly and Dan Rubenstein},
    title = {{Using Channel Hopping to Increase 802.11 Resilience to Jamming Attacks}},
    booktitle = {{INFOCOM}},
    year = {2007},
    pages = {2526-2530},
}

@inproceedings{liu:spread,

    author = {Xin \hspace{-1pt}Liu and Guevara \hspace{-1pt}Noubir and Ravi \hspace{-1pt}Sundaram and San \hspace{-1pt}Tan},
    title = {{\hspace{-1pt}SPREAD: \hspace{-1pt}Foiling \hspace{-1pt}Smart \hspace{-1pt}Jammers \hspace{-1pt}Using \hspace{-1pt}Multi-Layer \hspace{-1pt}Agility}},
    booktitle = {{\hspace{-2pt}INFOCOM}},
    year = {\hspace{-2pt}2007},
    pages = {2536-2540},
}

@inproceedings{polastre:versatile,
    author = {Joseph Polastre and Jason Hill and David Culler},
    title = {{Versatile Low Power Media Access for Wireless Sensor Networks}},
    booktitle = {{SenSys}},
    year = {2004},
    pages = {95-107},
}

@inproceedings{hoiydi:wisemac,
    author = {Amre El-Hoiydi and Jean-Dominique Decotignie},
    title = {{WiseMAC: An Ultra Low Power MAC Protocol for
    the Downlink of Infrastructure Wireless Sensor Networks}},
    booktitle = {{ALGOSENSORS}},
    year = {2004},
    pages = {18-31},
}

@inproceedings{buettner:xmac,
    author = {Michael Buettner and Gary V. Yee and Eric Anderson and Richard Han},
    title = {{X-MAC: A Short Preamble MAC Protocol for Duty-Cycled Wireless Sensor Networks}},
    booktitle = {{Proceedings of the $4^{th}$ International Conference on Embedded Networked Sensor Systems}},
    year = {2007},
    pages = {307-320},
}

@inproceedings{kenny:performance,
    author = {Brendan Cody-Kenny and David Guerin and Desmond Ennis and Ricardo Simon Carbajo and Meriel Huggard and Ciaran McGoldrick},
    title = {{Performance Evaluation of the 6LoWPAN Protocol on MICAz and TelosB Motes}},
    booktitle = {PM2HW2N},
    year = {2009},
    pages = {25-30},
}


@misc{micaz,
   author  = {{Crossbow}},
   howpublished = {{MICAz Wireless Measurement System}},
   note = {\url{http://www.openautomation.net/uploadsproductos/micaz_datasheet.pdf}},	
}

 
 
@misc{ethereum-pos,
   author  = {{Alyssa Hertig}},
   howpublished = {{Ethereum's Big Switch: The New Roadmap to Proof-of-Stake}},
   note = {www.coindesk.com/ethereums-big-switch-the-new-roadmap-to-proof-of-stake/},	
}
 


@INPROCEEDINGS{polastre:telos,
    author = {Joseph Polastre and Robert Szewczyk and David Culler},
    title = {{Telos: Enabling Ultra-Low Power Wireless Research}},
    booktitle = {IPSN},
    year = {2005},
    pages = { },
}

@misc{smart-contracts,
   author  = {{coindesk}},
   howpublished = {{How Do Ethereum Smart Contracts Work?}},
   note = {\url{https://www.coindesk.com/information/ethereum-smart-contracts-work/}}
}


@misc{supply-chain,
   author  = {{Joe McKendrick}},
   howpublished = {{Why Blockchain May Be Your Next Supply Chain}},
   note = {\url{https://www.forbes.com/sites/joemckendrick/2017/04/21/why-blockchain-may-be-your-next-supply-chain/#5086606d13cf}}
}



@misc{land-title,
   author  = {{Laura Shin}},
   howpublished = {{The First Government To Secure Land Titles On The Bitcoin Blockchain Expands Project}},
   note = {\url{https://www.forbes.com/sites/laurashin/2017/02/07/the-first-government-to-secure-land-titles-on-the-bitcoin-blockchain-expands-project/#339084dd4dcd}}
}

@misc{mica2,
   author  = {{Crossbow}},
   howpublished = {{MICA2 Wireless Measurement System}},
   note = {\url{http://www.eol.ucar.edu/isf/facilities/isa/internal/CrossBow/DataSheets/mica2.pdf}},
}



@INPROCEEDINGS{whitehouse:exploiting,
    author = {Kamin Whitehouse and Alec Woo and Fred Jiang and Joseph Polastre and David Culler},
    title = {{Exploiting the Capture Effect for Collision Detection and Recovery}},
    booktitle = {EmNets},
    year = {2005},
    pages = {45-52},
}

@misc{deng:new,
    author = {Jing Deng and Pramod K. Varshney and Zygmunt J. Haas},
    title = {{A New Backoff Algorithm for the IEEE 802.11 Distributed Coordination Function}},
    howpublished={http://surface.syr.edu/eecs/85/}, 
}



@INPROCEEDINGS{chan:random,
    author = {H. Chan and A. Perrig and D. Song},
    title = {{Random Key Predistribution Schemes for Sensor Networks}},
    booktitle = {IEEE Symposium on Security and Privacy},
    year = {2003},
    pages = {197},
}

@article{liu:establishing,
    author = {D. Liu and P. Ning},
    title = {{Establishing Pairwise Keys in Distributed Sensor Networks}},
    journal = {ACM Transactions on Information Systems Security},
    volume = {8},
    number = {1},
    year = {2005},
    pages = {41-77},
}

@INPROCEEDINGS{eschenauer:key,
    author = {L. Eschenauer and V. D. Gligor},
    title = {{A Key-Management Scheme for Distributed Sensor Networks}},
    booktitle = {CCS},
    year = {2002},
    pages = {41-47},
}

@INPROCEEDINGS{karlof:tinysec,
    author = {C. \hspace{-1pt}Karlof\hspace{-1pt} and \hspace{-1pt}N. \hspace{-1pt}Sastry \hspace{-1pt}and \hspace{-2pt}D. \hspace{-2pt}Wagner},
    title = {{\hspace{-1pt}TinySec: \hspace{-2pt}A \hspace{-2pt}Link \hspace{-1pt}Layer \hspace{-1pt}Security \hspace{-1pt}Architecture for \hspace{-1pt}Wireless \hspace{-1pt}Sensor \hspace{-1pt}Networks\hspace{-3pt}}},
    booktitle = {\hspace{-1pt}SenSys},
    year = {2004, pp.162-175},
}

@INPROCEEDINGS{watro:tinypk,
    author = {R. Watro and D. Kong and S. Cuti and C. Gariner and C. Lynn and P. Kruus},
    title = {{TinyPK: Securing Sensor Networks with Public Key Technology }},
    booktitle = {SASN},
    year = {2004},
    pages = {59-64},
}

@article{law:survey,
    author = {Y. W. Law and J. Doumen and P. Hartel},
    title = {{Survey and Benchmark of Block Ciphers for Wireless Sensor Networks}},
    journal = {ACM Transactions on Sensor Networks},
    volume = {2},
    number = {1},
    year = {2006},
    pages = {65-93},
}

@INPROCEEDINGS{aschenbruck:simulative,
    author = {Nils Aschenbruck and Elmar Gerhards-Padilla and Peter Martini},
    title = {{Simulative Evaluation of Adaptive Jamming
Detection in Wireless Multi-hop Networks}},
    booktitle = {Proceedings of the $30^{th}$ International Conference on Distributed Computing Systems Workshops},
    year = {2010},
    pages = {213-220},
}


@INPROCEEDINGS{bayraktaroglu:performance,
    author = {Emrah Bayraktaroglu and Christopher King and Xin Liu and Guevara Noubir and Rajmohan Rajaraman and Bishal Thapa},
    title = {{On the Performance of IEEE 802.11 Under Jamming}},
    booktitle = {INFOCOM},
    year = {2008},
    pages = {1265-1273},
}

@article{sundali:biases,
author={James Sundali and Rachel Croson},
title={{Biases in Casino Betting: The Hot hand and the Gambler's Fallacy}},
journal={Judgement and Decision Making},
volume={1},
number={1},
year={2006},
pages={1-12},
}


@inproceedings{popper:jamming,
    author = {Christina P\"{o}pper and Mario Strasser and Srdjan \v{C}apkun},
    title = {{Jamming-Resistant Broadcast Communication Without Shared Keys}},
    booktitle = {{Proceedings of the $18^{th}$ USENIX Security Symposium}},
    pages = {},
    year = {2009},
}

@inproceedings{bertier:icdcs,
    author = {Marin Bertier and Anne-Marie Kermarrec  and Guang Tan},
    title = {{Message-Efficient Byzantine Fault-Tolerant
Broadcast in a Multi-Hop Wireless Sensor Network}},
    booktitle = {Proceedings of the International Conference on Distributed Computing Systems (ICDCS)},
    year = {2010},
    pages = {408-417},
}

@INPROCEEDINGS{habib:detecting,
    author = {Ahsan Habib and Mohamed Hefeeda and Bharat Bhargava},
    title = {{Detecting Service Violations and DoS Attacks}},
    booktitle = {Proceedings of Internet Society Symposium on Network and Distributed System Security (NDSS)},
    year = {2003},
    pages = {177-189}
}

@inproceedings{meier:speed,
    author = {Dominic Meier and Yvonne Anne Pignolet and Stefan Schmid and Roger Wattenhofer},
    title = {{Speed Dating Despite Jammers}},
    booktitle = {Proceedings of the International Conference on Distributed Computing in Sensor Systems  (DCOSS)},
    year = {2009},
    pages = {1-14},
}

@inproceedings{richa:jamming2,
    author = {Andrea Richa and Christian Scheideler and Stefan Schmid and Jin Zhang},
    title = {{A Jamming-Resistant MAC Protocol for Multi-Hop Wireless Networks}},
    booktitle = {Proceedings of the International Symposium on Distributed Computing (DISC)},
    year = {2010},
    pages = {179-193},
}

@inproceedings{richa:jamming3,
 author = {Andrea Richa and Christian Scheideler and Stefan Schmid and Jin Zhang},
 title = {{Competitive and Fair Medium Access Despite Reactive Jamming}},
 booktitle = {Proceedings of the $31^{st}$ International Conference on Distributed Computing Systems (ICDCS)},
 year = {2011},
 pages = {507-516},
} 

@misc{ogierman:competitive,
    author = {Adrian Ogierman and Andrea Richa and Christian Scheideler and Stefan Schmid and Jin Zhang},
    title = {{Competitive MAC under Adversarial SINR}},
    note = {\url{http://arxiv.org/abs/1307.7231}},
    year = {2013},
} 


@inproceedings{richa:jamming4,
    author = {Andrea Richa and Christian Scheideler and Stefan Schmid and Jin Zhang},
    title = {{Competitive and Fair Throughput for Co-Existing Networks Under Adversarial Interference}},
    booktitle = {Proceedings of the $31^{st}$ ACM Symposium on Principles of Distributed Computing (PODC)},
    year = {2012},
    pages = {},
}

@article{ramachandran:clear,
    author = { Iyappan Ramachandran and Sumt Roy},
    title = {{Clear Channel Assessment in Energy-Constrained Wideband Wireless Networks}},
    journal = {IEEE Wireless Communications},
    volume = {14},
    number = {3},
    year = {2007},
    pages = {70-78},
}


@article{roberts:aloha,
    author = {Roberts, Lawrence G.},
    journal = {SIGCOMM Compuer Communications Review},
    number = {2},
    pages = {28-42},
    title = {ALOHA packet system with and without slots and capture},
    volume = {5},
    year = {1975}
}

@INPROCEEDINGS{alistarh:securing,
    author = {Dan Alistarh and Seth Gilbert and Rachid Guerraoui and Zarko Milosevic and Calvin Newport},
    title = {{Securing Your Every Bit: Reliable Broadcast in Byzantine Wireless Networks}},
    booktitle = {Proceedings of the Symposium on Parallelism in Algorithms and Architectures (SPAA)},
    year = {2010},
    pages = {50-59},
}

@INPROCEEDINGS{srinivasan:rssi,
    author = {Kannan \hspace{-1pt}Srinivasan \hspace{-1pt}and \hspace{-1pt}P. \hspace{-1pt}Levis},
    title = {{\hspace{-2pt}RSSI \hspace{-1pt}is \hspace{-1pt}Under \hspace{-1pt}Appreciated\hspace{-1pt}}},
    booktitle = {\hspace{-2pt}EmNets},
    year = {2006}
}

@misc{wildpackets,
    author = {J. Bardwell},
    title = {{Converting Signal Strength Percentage to dBm Values}},
    url = {http://www.wildpackets.com/elements/whitepapers/Converting\_Signal\_Strength.pdf},
    year = {2002},
}

@article{albers:energy,
    author = {Susanne Albers and Hiroshi Fujiwara},
    title = {{Energy-Efficient Algorithms for Flow Time Minimization}},
    journal = {ACM Transactions on Algorithms},
    volume = {3},
    number = {4},
    year = {2007},
    note = {Article 49},
}

@article{albers:communications,
    author ={Susanne Albers},
    title ={{Energy-Efficient Algorithms}},
    journal={Communications of the ACM},



    volume ={53},
    number ={5},
    year ={2010},
    pages = {86-86},
}

@INPROCEEDINGS{cook:bounds,
    author = {Stephen Cook and Cynthia Dwork},
    title = {{Bounds on the Time for Parallel RAM's to Compute Simnle Functions}},
    booktitle = {Proceedings of the $14^{th}$ Annual ACM Symposium on Theory of Computing (STOC)},
    pages = {231-233},
    year = {1982},
}

@article{cook:upper,
    author = {Stephen Cook and Cynthia Dwork and R\"{u}diger Reischuk},
    title ={{Upper and Lower Time Bounds for Parallel Random Access Machines Without Simultaneous Writes}},
    journal={SIAM Journal on Computing},
    volume ={15},
    number ={1},
    year ={1986},
    pages = {87-97},
}

@article{wan:achieving,
    author = {Haodong Wang and Qun Li},
    title ={{Achieving Robust Message Authentication in Sensor Networks: A Public-Key Based Approach}},
    journal={Wireless Networks},
    volume ={16},
    number ={4},
    year ={2010},
    pages = {999-1009},
}

@ARTICLE{liu:multi,
    author = {Donggang Liu and Peng Ning},
    title = {{Multi-Level $\mu$TESLA: Broadcast Authentication for Distributed Sensor Networks}},
    journal = {ACM Transactions in Embedded Computing Systems},
    year = {2004},
    volume = {3},
    pages = {800-836}
}

@INPROCEEDINGS{heinzelman:energy,
    author = {Wendi Rabiner Heinzelman and Anantha Chandrakasan and Hari Balakrishnan},
    title = {{Energy-Efficient Communication Protocol for Wireless Microsensor Networks}},
    booktitle = {HICSS},
    year = {2000},
    pages = {3005-3014},
}

@inproceedings{li:energy,
	author = "Yuan Li and Wei Ye and John Heidemann",
	title = {{Energy and Latency Control in Low Duty Cycle {MAC} Protocols}},
	booktitle = "Proceedings of the IEEE Wireless Communications and Networking Conference (WCNC)",
	year = "2005",
	pages = {676-682},
}


@inproceedings{ye:energymac,
    author = {Wei Ye and John Heidemann and Deborah Estrin},
    title = {{An Energy-Efficient MAC Protocol for Wireless Sensor Networks}},
    booktitle = {INFOCOM},
    pages = {1567-1576},
    year = {2002},
}

@article{ganeriwal:secure,
    author = {Saurabh Ganeriwal and Christina P\"{o}pper and Srdjan \u{C}apkun and Mani B. Srivastava},
    title ={{Secure Time Synchronization in Sensor Networks}},
    journal={ACM Transactions on Information and System Security},
    volume ={11},
    number ={23},
    year ={2008},
    pages = {},
}

@article{lin:link,
    author = {Guolong Lin and Guevara Noubir},
    title ={{On Link Layer Denial of Service in Data Wireless LANs}},
    journal={Wireless Communications \& Mobile Computing},
    volume ={5},
    number ={3},
    year = {2005},
    pages = {273-284},
}

@techreport{TR,
  title = {{Talk is Cheap(er): Mitigating DoS and Byzantine Attacks in Wireless Sensor Networks}},
  author = {Valerie King and Jared Saia and Maxwell Young},
  institution = {University of Waterloo}, 
  number = {CS-2010-14},
  year = {2010},
  note = {\url{http://www.cs.uwaterloo.ca/research/tr/2010/CS-2010-14.pdf}}
}

@inproceedings{son:blacklisting,
	author = "Dongjin Son and Bhaskar Krishnamachari and John Heidemann",
	title = {{Experimental study of the effects of Transmission Power Control and Blacklisting in Wireless Sensor Networks}},
	booktitle = "Proceedings of the First {IEEE} Conference on Sensor and Adhoc Communication and Networks ",
	year = "2004",
	publisher = "{IEEE}",
	address = "Santa Clara, California, USA",
	month = "October",
	pages = "289-298",
}

@inproceedings{son:concurrent,
 author = {Dongjin Son and Bhaskar Krishnamachari and John Heidemann},
 title = {{Experimental Study of Concurrent Transmission in Wireless Sensor Networks}},
 booktitle = {Proceedings of the $4^{th}$ International Conference on Embedded Networked Sensor Systems},
 series = {SenSys},
 year = {2006},
 pages = {237-250},
}

@INPROCEEDINGS{zuniga:analyzing,
    author = {Marco Zuniga and Bhaskar Krishnamachari},
    title = {{Analyzing the Transitional Region in Low Power Wireless Links}},
    booktitle = {Proceedings of the $1^{st}$ IEEE International Conference on Sensor and Ad hoc Communications and Networks (SECON)},
    year = {2004},
    pages = {517-526},
}

@INPROCEEDINGS{busse:impact,
    author = {Marcel Busse and Thomas Haenselmann and Thomas King and Wolfgang Effelsberg},
    title = {{The Impact of Forward Error Correction on Wireless Sensor Network Performance}},
    booktitle = {Workshop on Real-World Wireless Sensor Networks (REALWSN)},
    year = {2006},
    pages = {},
}

@inproceedings{balakrishnan:performance,
 author = {Gopinath Balakrishnan and Mei Yang and Yingtao Jiang and Yoohwan Kim},
 title = {{Performance Analysis of Error Control Codes for Wireless Sensor Networks}},
 booktitle = {Proceedings of the International Conference on Information Technology},
 series = {ITNG '07},
 year = {2007},
 pages = {876-879},
}


@inproceedings{dolev:synchronization,
 author = {Shlomi Dolev and Seth Gilbert and  Rachid Guerraoui  and  Fabian Kuhn and Calvin Newport},
 title = {{The Wireless Synchronization Problem}},
 booktitle = {Proceedings of the $28^{th}$ ACM symposium on Principles of distributed computing},
 series = {Proceedings of the  ACM Symposium on Principles of Distributed Computing (PODC)},
 year = {2009},
 pages = {190-199},
}

@inproceedings{gunter:dos,
    author = {Carl A. Gunter and Sanjeev Khanna and Kaijun Tan and Santosh Venkatesh},
    title = {{DoS Protection for Reliably Authenticated Broadcast}},
    booktitle = {Proceedings of the $11^{th}$ Networks and Distributed System Security Symposium (NDSS)},
    year = {2004},
}

@inproceedings{sherr:mitigating,
 author = {Micah Sherr and Michael Greenwald and Carl A. Gunter and Sanjeev Khanna and Santosh S. Venkatesh},
 title = {{Mitigating DoS Attack Through Selective Bin Verification}},
 booktitle = {Proceedings of the First international conference on Secure network protocols},
 series = {NPSEC'05},
 year = {2005},
 pages = {7-12},
} 

@INPROCEEDINGS{sekar:lads,
    author = {Vyas Sekar and Jacobus Van Der Merwe},
    title = {{LADS: Large-scale Automated DDoS Detection System}},
    booktitle = {Proceedings of the USENIX Annual Technical Conference},
    year = {2006},
    pages = {171-184},
}




@INPROCEEDINGS{4146884, 
author={A. Singh and T. W. Ngan and P. Druschel and D. S. Wallach}, 
booktitle={Proceedings IEEE International Conference on Computer Communications (INFOCOM)}, 
title={{Eclipse Attacks on Overlay Networks: Threats and Defenses}}, 
year={2006}, 
volume={}, 
number={}, 
pages={1-12}, 
}

@article{urdaneta:survey,
  author = 	 {Guido Urdaneta and Guillaume Pierre and Maarten van Steen},
  title = 	 {{A Survey of DHT Security Techniques}},
  journal = 	 {ACM Computing Surveys},
  year = 	 {2011},
  volume = 	 {43},
  number = 	 {2},
  pages = {1-53},	
}

@inproceedings{liang:pollution,
    AUTHOR={Jian Liang and Rakesh Kumar},
    TITLE={{Pollution in \textsc{P2P} file sharing systems}},
    BOOKTITLE={Proceedings of the International Conference on Computer Communications (INFOCOM)},
    YEAR={2005},
}
%DoS
@article{pelechrinis:denial,
  author = 	 {Konstantinos Pelechrinis and Marios Iliofotou and Srikanth V. Krishnamurthy},
  title = 	 {{Denial of Service Attacks in Wireless Networks: The Case of Jammers}},
  journal = 	 {To appear in IEEE Communications Surveys \& Tutorials},
  year = 	 {2011},
}

@article{mpitziopoulos:survey,
  author = 	 {Aristides Mpitziopoulos and Damianos Gavalas and Charalampos Konstantopoulos and Grammati Pantziou},
  title = 	 {{A Survey on Jamming Attacks and Countermeasures in WSNs}},
  journal = 	 {IEEE Communications Surveys \& Tutorials},
  year = 	 {2009},
  volume = 	 {11},
  number = 	 {4},
  pages = {42-56},
}

@inproceedings{garbacki:amortized,
 author = {Pawel Garbacki and Dick H. J. Epema  and Maarten van Steen},
 title = {{An Amortized Tit-For-Tat Protocol for Exchanging Bandwidth instead of Content in P2P Networks}},
 booktitle = {Proceedings of the $1^{st}$ International Conference on Self-Adaptive and Self-Organizing Systems (SASO)},
 year = {2007},
 pages = {119-128},
} 

@misc{MacAskill,
	AUTHOR={Ewen MacAskill},
    	TITLE={WikiLeaks website pulled by Amazon after U.S. political pressure},
    	HOWPUBLISHED={http://www.guardian.co.uk/media/2010/dec/01/wikileaks-website-cables-servers-amazon},
    	YEAR={2010},
}

@misc{Vance,
	AUTHOR={Ashlee Vance},
    	TITLE={{WikiLeaks Struggles to Stay Online After Attacks}},
    	HOWPUBLISHED={http://www.nytimes.com/2010/12/04/world/europe/04domain.html?\_r=2\&hp},
    	YEAR={2010},
}

@misc{Addley,
	AUTHOR={Esther Addley and Josh Halliday},
    	TITLE={"WikiLeaks Supporters Disrupt Visa and MasterCard Sites in 'Operation Payback'"},
    	HOWPUBLISHED={http://www.guardian.co.uk/world/2010/dec/08/wikileaks-visa-mastercard-operation-payback},
    	YEAR={2010},
}

@misc{Mackey,
	AUTHOR={Robert Mackey},
    	TITLE={{Latest Updates on Leak of U.S. Cables, Day 9}},
    	HOWPUBLISHED={http://thelede.blogs.nytimes.com/2010/12/06/latest-updates-on-leak-of-u-s-cables-day-9/\#operation-payback-plans-attacks-on-paypal},
    	YEAR={2010},
}

@misc{currency,
	AUTHOR={BBC},
    	TITLE={File-sharers forced to play fair},
    	HOWPUBLISHED={http://news.bbc.co.uk/2/hi/6971904.stm},
    	YEAR={2007},
}

@misc{iswarm,
	AUTHOR={I-SWARM},
    	TITLE={\url{http://www.i-swarm.org/}},
}

@misc{specknet,
	AUTHOR={SPECKNET},
    	TITLE={\url{http://www.specknet.org/}},
}

@misc{sutter:smart,
	AUTHOR={John D. Sutter, CNN},
    	TITLE={{`Smart Dust' Aims to Monitor Everything}},
    	HOWPUBLISHED={\url{http://articles.cnn.com/2010-05-03/tech/smart.dust.sensors_1_smart-dust-sensors-kris-pister?_s=PM:TECH}},
    	YEAR={2010},
}

@misc{macmanus:CeNSE,
	AUTHOR={Richard MacManus, Read Write Web},
	TITLE={{A Central Nervous System for Earth: HP's Ambitious Sensor Network}},
	HOWPUBLISHED={\url{http://www.readwriteweb.com/archives/cense_hp_labs.php}},
	YEAR={2009},
}




@misc{dustnetworks,
	AUTHOR={Dust Networks, Inc.},
	TITLE={\url{http://www.dustnetworks.com/}},
}

@misc{crossbow_inc,
	AUTHOR={Crossbow Technology, Inc.},
	TITLE={\url{http://www.xbow.com/}},
}


@article{warneke:smart,
  author = {Brett Warneke and Matt Last and Brian Liebowitz and Kristofer S. J. Pister},
  title = {{Smart Dust: Communicating with a Cubic-Millimeter Computer}},
  journal = {Computer},
  volume = {34},
  number = {1},
  year = {2001},
  pages = {44-51},
}

@inproceedings{arvind:towards,
 author = {Damal Kandadai Arvind and Khaled Elgaid and Thomas Krauss and Allan Paterson and Robert Stewart and Iain Thayne},
 title = {{Towards an Integrated Design Approach to Specknets}},
 booktitle = {Proceedings of the IEEE International Conference on Communications (ICC)},
 year = {2007},
 pages = {3319-3324},
}

@article{she:nano,
  author = {James Pei M. She and John T.W. Yeow},
  title = {{Nanotechnology-Enabled Wireless Sensor Networks: From a Device Perspective}},
  journal = {IEEE Sensors Journal},
  volume = {6},
  number = {5},
  year = {2006},
  pages = {1331-1339},
}

@inproceedings{joshi:wireless,
    author = {Satyadhar Joshi and Rohit Pathak and Salman Ahmed},
    title = {{Wireless Sensor Network: Intricate Modeling and Analysis of CNT and MEMS based Sensor Nodes}},
    booktitle = {Proceedings of the International Workshop on Electron Devices and Semiconductor Technology},
    year = {2009},
    pages= {1-6},
}

@inproceedings{chen:location,
 author = {Yu Chen and Jennifer L. Welch},
 title = {{Location-Based Broadcasting for Dense Mobile Ad Hoc Networks}},
 booktitle = {Proceedings of the $8^{th}$ ACM International Symposium on Modeling, Analysis and Simulation of Wireless and Mobile Systems (MSWiM)},
 year = {2005},
 pages = {63-70},
} 

@article{gau:adaptive,
  author = {Victor Gau and Jenq-Neng Hwang},
  title = {{Adaptive Probabilistic Broadcasting over Dense Wireless Ad Hoc Networks}},
  journal = {International Journal of Digital Multimedia Broadcasting},
  year = {2010},
  volume = {2010},
  number = {Article ID 741792, 12 pages},
}

@article{gau:reliable,
  author = {Victor Gau and Chih-Wei Huang and Jenq-Neng Hwang},
  title = {{Reliable Multimedia Broadcasting over Dense Wireless Ad-Hoc Networks }},
  journal = {Journal of Communications},
  volume = {4},
  number = {9},
  year = {2009},
  pages = {614-627},
}

@inproceedings{zhao:understanding,
 author = {Jerry Zhaob and Ramesh Govindan},
 title = {{Understanding Packet Delivery Performance in Dense Wireless Sensor Networks}},
 booktitle = {Proceedings of the $1^{st}$ International Conference on Embedded Networked Sensor Systems},
 year = {2003},
 pages = {1-13},
} 

@article{young:overcoming,
  author = {Maxwell Young and Raouf Boutaba},
  title = {{Overcoming Adversaries in Sensor Networks: A Survey of Theoretical Models and Algorithmic Approaches for Tolerating Malicious Interference}},
  journal={IEEE Communications Surveys \& Tutorials},
  volume ={13},
  number ={4},
  year = {2011},
  pages = {617-641},
}


@inproceedings{king:conflict,
  author = {Valerie King and Jared Saia and Maxwell Young},
  title = {{Conflict on a Communication Channel}},
  booktitle = {Proceedings of the $30^{th}$ Symposium on Principles of Distributed Computing (PODC)},
  year = {2011},
  pages = {277-286},
}

@inproceedings{chalasani:survey,
  author = {Sravanthi Chalasani and James M. Conrad},
  title = {{A Survey of Energy Harvesting Sources for Embedded Systems}},
  booktitle = {},
  year = {},
  pages = { },
}

@book{dubhashi:concentration,
  author={Devdatt Dubhashi and Alessandro Panconesi},
  title={{Concentration of Measure for the Analysis of Randomized Algorithms}},
  publisher={Cambridge University Press},
  edition={1st},
  year={2009},
}

@misc{cc2420,
	AUTHOR={Chipcon Products from Texas Instruments},
    	TITLE={{CC2420 Brochure}},
    	HOWPUBLISHED={\url{http://docweb.khk.be/khk/remote/technologie/PICDEM_Z/chipcon/CC2420_Brochure.pdf}},
    	YEAR={},
}

@inbook{chan:key,
 author = {Haowen Chan and Adrian Perrig and Dawn Song},
 title = {{Key Distribution Techniques for Sensor Networks}},
 book = {Wireless Sensor Networks},
 year = {2004},
 pages = {277-303},
 publisher = {Kluwer Academic Publishers},
} 

@conference{ashraf:bankrupting,
  title={{Demo: Bankrupting the Jammer}},
  author={Farhana Ashraf and Yih-Chun Hu and Robin Kravets},
  booktitle={Proceedings of the $9^{th}$ International Conference on Mobile Systems, Applications, and Services (MobiSys) },
  pages={},
  year={2011},
}

@misc{king:conflict_journal,
	AUTHOR={Valerie King and Jared Saia and Maxwell Young},
    	TITLE={{Resource-Competitive Communication}},
    	HOWPUBLISHED={\url{http://www.maxwellyoung.net/king_saia_young_2012.pdf}},
    	YEAR={2012},
}

@conference{gilbert:making,
	AUTHOR={Seth Gilbert and Maxwell Young},
    	TITLE={{Making Evildoers Pay: Resource-Competitive Broadcast in Sensor Networks}},
    	booktitle={Proceedings of the $31^{th}$ Symposium on Principles of Distributed Computing (PODC)},
    	YEAR={2012},
	PAGES={145-154},
}

@article{capkun:integrity,
  title={{Integrity Codes: Message Integrity Protection and Authentication over Insecure Channels}},
  author={Srdjan Capkun and  Mario Cagalj and Ramkumar Rengaswamy and Ilias  Tsigkogiannis and Jean-Pierre Hubaux  and Mani Srivastava},
  journal={IEEE Transactions On Dependable and Secure Computing},
  pages={208-223},
  volume={5},
  year={2008},
}

@inproceedings{censor:partial,
 author = {Keren Censor Hillel and Hadas Shachnai},
 title = {{Partial Information Spreading with Application to Distributed Maximum Coverage}},
 booktitle = {Proceedings of the $29^{th}$ ACM SIGACT-SIGOPS Symposium on Principles of Distributed Computing},
 year = {2010},
 pages = {161-170},
} 

@inproceedings{georgiou:on,
 author = {Chryssis Georgiou and Seth Gilbert and Rachid Guerraoui and Dariusz R. Kowalski},
 title = {{On the Complexity of Asynchronous Gossip}},
 booktitle = {Proceedings of the $27^{th}$ ACM Symposium on Principles of Distributed Computing},
 year = {2008},
 pages = {135-144},
} 

@article{lamport:paxos,
  title={{Paxos Made Simple}},
  author={Srdjan Capkun and  Mario Cagalj and Ramkumar Rengaswamy and Ilias  Tsigkogiannis and Jean-Pierre Hubaux  and Mani Srivastava },
  journal={ACM SIGACT News, Distributed Computing Column},
  pages={51-58},
  volume={32},
  number={4},
  year={2001},
}



@article{mearsheimer:assessing,
  title={{Assessing the Conventional Balance - The 3:1 Rule and Its Critics}},
  author={John J. Mearsheimer},
  journal={International Security},
  pages={54-89},
  volume={13},
  number={4},
  year={1989},
}
 
@article{dupuy:correspondence,
  title={{Correspondence - Combat Data and the 3:1 Rule}},
  author={T. N. Dupuy},
  journal={International Security},
  pages={195-201},
  volume={14},
  number={1},
  year={1989},
}

@InCollection{schelling:strategy,
  author={Thomas C. Schelling},
  title={{The Strategy of Inflicting Costs}},
  booktitle={Issues in Defense Economics},
  publisher={National Bureau of Economic Research, Inc},
  year=1967,
  month={February},
  series={NBER Chapters},
  pages={105-128},
}

@article{diffie:new,
  author = {Diffie, Whitfield and Hellman, Martin E.},
  journal = {IEEE Transactions on Information Theory},
  number = 6,
  pages = {644-654},
  title = {{New Directions in Cryptography}},
  volume = 22,
  year = 1976,
}

@article{sleator:amortized,
author = {D. Sleator and R. Tarjan},
title = {{Amortized Efficiency of List Update and Paging Rules}},
journal = {Communications of the ACM},
volume = {28},
number = {2},
pages = {202-208},
year = {1985},
} 

@inproceedings{newsome:sybil,
 author = {Newsome, James and Shi, Elaine and Song, Dawn and Perrig, Adrian},
 title = {{The Sybil Attack in Sensor Networks: Analysis \& Defenses}},
 booktitle = {Proceedings of the 3rd International Symposium on Information Processing in Sensor Networks (IPSN)},
 year = {2004},
 pages = {259-268},
}

@article{yu:survey,
 author = {Yu, Haifeng},
 title = {{Sybil Defenses via Social Networks: A Tutorial and Survey}},
 journal = {SIGACT News},
 issue_date = {September 2011},
 volume = {42},
 number = {3},
 month = oct,
 year = {2011},
 issn = {0163-5700},
 pages = {80-101},
}


@inproceedings{mohaisen:improving,
 author = {Mohaisen, Aziz and Hollenbeck, Scott},
 title = {{Improving Social Network-Based Sybil Defenses by Rewiring and Augmenting Social Graphs}},
 booktitle = {Proceedings of the $14^{th}$ International Workshop on Information Security Applications (WISA)},
 year = {2014},
 pages = {65-80},
 }




@inproceedings{scheideler:shell,
 author = {Scheideler, Christian and Schmid, Stefan},
 title = {{A Distributed and Oblivious Heap}},
 booktitle = {Proceedings of the 36th Internatilonal Collogquium on Automata, Languages and Programming: Part II},
 series = {ICALP '09},
 year = {2009},
 isbn = {978-3-642-02929-5},
 location = {Rhodes, Greece},
 pages = {571--582},
 numpages = {12},
 }
 

@inproceedings{tegeler:sybil,
 author = {Florian Tegeler and Xiaoming Fu},
 title = {{SybilConf: Computational Puzzles for Confining Sybil Attacks}},
 booktitle = {Proceedings of the IEEE Conference on Computer Communications Workshops (INFOCOM)},
 year = {2010},
 pages = {1-2},
} 


@inproceedings{li:sybilcontrol,
 author = {Li, Frank and Mittal, Prateek and Caesar, Matthew and Borisov, Nikita},
 title = {{SybilControl: Practical Sybil Defense with Computational Puzzles}},
 booktitle = {Proceedings of the Seventh ACM Workshop on Scalable Trusted Computing},
 year = {2012},
 pages = {67-78},
 }
 
 @inproceedings{borisov:computational,
 author = {Borisov, Nikita},
 title = {{Computational Puzzles As Sybil Defenses}},
 booktitle = {Proceedings of the Sixth IEEE International Conference on Peer-to-Peer Computing (P2P)},
 year = {2006},
 isbn = {0-7695-2679-9},
 pages = {171-176},
 }


@inproceedings{lesniewski-laas:whanau,
 author = {Lesniewski-Laas, Chris and Kaashoek, M. Frans},
 title = {{Whanau: A Sybil-Proof Distributed Hash Table}},
 booktitle = {Proceedings of the $7^{th}$ USENIX Conference on Networked Systems Design and Implementation},
 series = {NSDI'10},
 year = {2010},
 location = {San Jose, California},
 pages = {8--8},
}


@inproceedings{guerraoui:highly,
 author = {Guerraoui, Rachid and Huc, Florian and Kermarrec, Anne-Marie},
 title = {{Highly Dynamic Distributed Computing with Byzantine Failures}},
 booktitle = {Proceedings of the 2013 ACM Symposium on Principles of Distributed Computing (PODC)},
 year = {2013},
 pages = {176-183},
 numpages = {8}
}

@INPROCEEDINGS{salsa:nambiar,
    author = {A. Nambiar and M. Wright},
    title = {{Salsa: A Structured Approach to Large-Scale Anonymity}},
    booktitle = {Proceedings of the $13^{th}$ ACM Conference on Computer and Communications Security },
    year = {2006},
    pages = {17-26},
}

@inproceedings{young:practical,
    author = {Maxwell Young and Aniket Kate and Ian Goldberg and Martin Karsten},
    title = {{Practical Robust Communication in DHTs Tolerating a Byzantine
  Adversary}},
    booktitle={Proceedings of the $30^{th}$ IEEE International Conference on Distributed Computing Systems (ICDCS)},
    year = {2010},
    pages={263-272},
}

@article{yu:sybilguard,
 author = {Haifeng Yu and Michael Kaminsky and Phillip B. Gibbons and Abraham Flaxman},
 title = {{SybilGuard: Defending Against Sybil Attacks via Social Networks}},
 journal = {Proceedings of the 2006 Conference on Applications, Technologies, Architectures, and Protocols for Computer Communications (SIGCOMM)},
 volume = {36},
 issue = {4},
 month = aug,
 year = {2006},
 pages = {267-278},
} 



@article{robinson:price,
author = {Sara Robinson},
title = {{The Price of Anarchy}},
journal = {SIAM News},
volume = {37},
number = {5},
pages = {1-4},
year = {2004},
} 

@book{nisan:gametheory,
title = {{Algorithmic Game Theory}},
author = {Noam Nisan and Time Roughgarden and \'{E}va Tardos and Vijay V. Vazirani},
publisher = {Cambridge University Press},
year = {2007},
}

@article{abraham:distributed,
 author = {Ittai Abraham and  Lorenzo Alvisi  and Joseph Y. Halpern},
 title = {{Distributed Computing Meets Game Theory: Combining Insights from Two Fields}},
 journal = {SIGACT News},
 issue_date = {June 2011},
 volume = {42},
 number = {2},
 month = jun,
 year = {2011},
 pages = {69-76},
} 

@inproceedings{clement:theory,
 author = {Allen Clement and Jeff Napper and Harry Li and Jean-Philipe Martin and Lorenzo Alvisi and Michael Dahlin},
 title = {{Theory of BAR Games}},
 booktitle = {Proceedings of the $26^{th}$ Annual ACM Symposium on Principles of Distributed Computing (PODC)},
 year = {2007},
 pages = {358-359},
} 

@misc{procopius:history,
 AUTHOR={Procopius},
 TITLE={{History of the Wars, English translation by Henry B. Dewing}},
 HOWPUBLISHED={\url{https://www.gutenberg.org/files/20298/20298-h/20298-h.htm}},
 YEAR={2007},
}

@book{zhu:art,
    AUTHOR={Sun Tzu},
    EDITOR={James H. Ford and Shawn Conners},
    TITLE={The Art of War, Translation by Lionel Giles},
    PUBLISHER={El Paso Norte Press},
    YEAR={2005},
}

@book{mahon:life,
    AUTHOR={Lord Mahon},
    TITLE={The Life of Belisarius},
    PUBLISHER={Westholme Publishing},
    YEAR={2005},
}
 
@article{attiya:robust,
 author = {Hagit Attiya},
 title = {{Robust Simulation of Shared Memory: 20 Years After}},
 journal = {EATCS Distributed Computing Column},
 volume = {100},
 month = {February},
 year = {2010},
 pages = {99-113},
} 

@book{buchanan:japanese,
    AUTHOR={Daniel Crump Buchanan},
    TITLE={{Japanese Proverbs and Sayings}},
    PUBLISHER={University of Oklahoma Press},
    YEAR={1965},
}

@inproceedings{gilbert:resource,
 author = {Seth Gilbert and Valerie King and Jared Saia and Maxwell Young},
 title = {{Resource-Competitive Analysis: A New Perspective on Attack-Resistant  Distributed Computing}},
 booktitle = {Proceedings of the $8^{th}$ ACM International Workshop on Foundations of Mobile Computing},
 year = {2012},
} 

@inproceedings{petru:amorphous,
 author = {Petr\r{u}, Luk\`{a}\v{s} and Wiedermann, Ji\v{r}\'{\i}},
 title = {{A Universal Flying Amorphous Computer}},
 booktitle = {Proceedings of the 10th International Conference on Unconventional Computation},
 year = {2011},
 pages = {189-200},
} 

@misc{robobees,
	AUTHOR={},
    	TITLE={{Robobees}},
    	HOWPUBLISHED={http://robobees.seas.harvard.edu},
    	YEAR={},
}

@inproceedings{decker:particle,
 author = {Christian Decker and Albert Krohn and Michael Beigl and Tobias Zimmer},
 title = {{The Particle Computer System}},
 booktitle = {Proceedings of the $4^{th}$ International Symposium on Information Processing in Sensor Networks (IPSN)},
 year = {2005},
 pages = {443-448},
} 

@article{anastasi:energy,
 author = {Giuseppe Anastasi and  Marco Conti and Mario Di Francesco and Andrea Passarella},
 title = {{Energy Conservation in Wireless Sensor Networks: A Survey}},
 journal = {Ad Hoc Networks},
 volume = {7},
 number = {3},
 year = {2009},
 pages = {537-568},
}

@article{she:nano,
 author = {J.P.M. She},
 title = {{Nanotechnology-Enabled Wireless Sensor Networks: From a Device Perspective }},
 journal = {IEEE Sensors Journal},
 volume = {6},
 number = {5},
 year = {2006},
 pages = {1331-1339},
}

@conference{hammouri:tamper,
 author = {Ghaith Hammouri and Erdin\c{c} \"{O}zt\"{u}rk and Berk Sunar},
 title = {{A Tamper-Proof and Lightweight Authentication Scheme }},
 booktitle = {Pervasive and Mobile Computing (PERCOM) },
 year = {2008},
 pages = {807-818},
}

@misc{tampres,
	AUTHOR={},
    	TITLE={{TAMPRES Project}},
    	HOWPUBLISHED={http://www.tampres.eu},
    	YEAR={},
}

@conference{stecklina:towards,
 author = {Oliver Stecklina and Peter Langend\"{o}rfer and Hannes Menzel},
 title = {{Towards a Secure Address Space Separation for Low Power Sensor Nodes}},
 booktitle = {Proceedings of the $1^{st}$ International Conference on Pervasive and Embedded Computing and Communication Systems},
 year = {2011},
 pages = {512-517},
}

@conference{defrawy:smart,
 author = {Karim El Defrawy and Aur\'{e}lien Francillon and Daniele Perito and Gene Tsudik},
 title = {{SMART: Secure and Minimal Architecture for (Establishing a Dynamic) Root of Trust}},
 booktitle = {Proceedings of the Network and Distributed System Security Symposium (NDSS)},
 year = {2012},
 pages = { },
}

@inproceedings{spread:foiling,
    author = {Xin Liu and Guevara Noubir and Ravi Sundaram and San Tan},
    title = {{SPREAD: Foiling Smart Jammers using Multi-layer Agility}},
    booktitle = {Proceedings of the International Conference on Computer Communications (INFOCOM)},
    pages = {2536-2540},
    year = {2007},
}

@inproceedings{alnifie:multi,
    author = {Ghada Alnifie and Robert Simon},
    title = {{A Multi-Channel Defense Against Jamming Attacks in Wireless Sensor Networks}},
    booktitle = {{Proceedings of the 3rd ACM Workshop on QoS and Security for Wireless and Mobile Networks}},
    year = {2007},
    pages = {95-104},
}

@INPROCEEDINGS{deng:defending,
    author = {Jing Deng and Richard Han and Shivakant Mishra},
    title = {{Defending Against Path-Based DoS Attacks in Wireless Sensor Networks}},
    booktitle = {Proceedings of the 3rd ACM Workshop on Security of Ad Hoc and Sensor Networks},
    year = {2005},
    pages = {89-96},
}

 


@INPROCEEDINGS{chen:solid,
author={Gregory Chen and Hassan Ghaed and Razi-ul Haque and Michael Wieckowski and
Yejoong Kim and Gyouho Kim and David Fick and Daeyeon Kim and Mingoo Seok and
Kensall Wise and David Blaauw and Dennis Sylvester},
booktitle={2011 IEEE International Solid-State Circuits Conference Digest of Technical Papers (ISSCC)}, 
title={{A Cubic-Millimeter Energy-Autonomous Wireless Intraocular Pressure Monitor}},
year={2011},
pages={310-312},
}

@INPROCEEDINGS{chen:modular,
author={Yoonmyung Lee and Gyouho Kim and Suyoung Bang and Yejoong Kim and Inhee Lee and Prababl Dutta and Dennis Sylvester and David Blaauw},
booktitle={2012 IEEE International Solid-State Circuits Conference Digest of Technical Papers (ISSCC)}, 
title={{A Modular $1mm^3$ Die-Stacked Sensing Platform with Optical Communication and Multi-Modal Energy Harvesting}},
year={2012},
pages={402-404},
}


@inproceedings{Gereb-GrausT92,
  author    = {Mih{\'{a}}ly Ger{\'{e}}b{-}Graus and Thanasis Tsantilas},
  title     = {Efficient Optical Communication in Parallel Computers},
  booktitle = {Proceedings 4th Annual ACM Symposium on Parallel Algorithms and Architectures (SPAA)},
  pages     = {41--48},
  year      = {1992},
}

@inproceedings{GreenbergL85,
  author    = {Ronald I. Greenberg and
               Charles E. Leiserson},
  title     = {Randomized Routing on Fat-Trees},
  booktitle = {Proceedings 26th Annual Symposium on Foundations of Computer Science (FOCS)},
  pages     = {241--249},
  year      = {1985},
}



